Team ID,Mission Time,Packet Count,Altitude,Pressure,Temperature,Voltage,GPS Time,GPS Latitude,GPS Longitude,GPS Altitude,GPS Sats,Pitch,Roll,Blade Spin Rate,Flight State,Bonus Direction
5343,1597,1661,0,101325,15,0,00:39:45,0.0,0.0,0.0,0,0,0,0,0,0
5343,1598,1662,0,101325,15,0,00:39:46,0.0,0.0,0.0,0,0,0,0,0,0
5343,1599,1663,0,101325,15,0,00:39:47,0.0,0.0,0.0,0,0,0,0,0,0
5343,1600,1664,0,101325,15,0,00:39:48,0.0,0.0,0.0,0,0,0,0,0,0
5343,1601,1665,0,101325,15,0,00:39:49,0.0,0.0,0.0,0,0,0,0,0,0
5343,1602,1666,0,101325,15,0,00:39:50,0.0,0.0,0.0,0,0,0,0,0,0
5343,1603,1667,0,101325,15,0,00:39:51,0.0,0.0,0.0,0,0,0,0,0,0
5343,1604,1668,0,101325,15,0,00:39:52,0.0,0.0,0.0,0,0,0,0,0,0
5343,1605,1669,0,101325,15,0,00:39:53,0.0,0.0,0.0,0,0,0,0,0,0
5343,1606,1670,0,101325,15,0,00:39:53,0.0,0.0,0.0,0,0,0,0,0,0
5343,1607,1671,0,101325,15,0,00:39:54,0.0,0.0,0.0,0,0,0,0,0,0
5343,1608,1672,0,101325,15,0,00:39:55,0.0,0.0,0.0,0,0,0,0,0,0
5343,1609,1673,0,101325,15,0,00:39:56,0.0,0.0,0.0,0,0,0,0,0,0
5343,1610,1674,0,101325,15,0,00:39:57,0.0,0.0,0.0,0,0,0,0,0,0
5343,1611,1675,0,101325,15,0,00:39:58,0.0,0.0,0.0,0,0,0,0,0,0
5343,1612,1676,0,101325,15,0,00:39:59,0.0,0.0,0.0,0,0,0,0,0,0
5343,1613,1677,0,101325,15,0,00:40:00,0.0,0.0,0.0,0,0,0,0,0,0
5343,1614,1678,0,101325,15,0,00:40:01,0.0,0.0,0.0,0,0,0,0,0,0
5343,1615,1679,0,101325,15,0,00:40:02,0.0,0.0,0.0,0,0,0,0,0,0
5343,1616,1680,0,101325,15,0,00:40:03,0.0,0.0,0.0,0,0,0,0,0,0
5343,1617,1681,0,101325,15,0,00:40:04,0.0,0.0,0.0,0,0,0,0,0,0
5343,1618,1682,0,101325,15,0,00:40:05,0.0,0.0,0.0,0,0,0,0,0,0
5343,1619,1683,0,101325,15,0,00:40:06,0.0,0.0,0.0,0,0,0,0,0,0
5343,1620,1684,0,101325,15,0,00:40:07,0.0,0.0,0.0,0,0,0,0,0,0
5343,1621,1685,0,101325,15,0,00:40:08,0.0,0.0,0.0,0,0,0,0,0,0
5343,1622,1686,0,101325,15,0,00:40:09,0.0,0.0,0.0,0,0,0,0,0,0
5343,1623,1688,0,101325,15,0,00:40:10,0.0,0.0,0.0,0,0,0,0,0,0
5343,1624,1689,0,101325,15,0,00:40:11,0.0,0.0,0.0,0,0,0,0,0,0
5343,1625,1690,0,101325,15,0,00:40:12,0.0,0.0,0.0,0,0,0,0,0,0
5343,1626,1691,0,101325,15,0,00:40:13,0.0,0.0,0.0,0,0,0,0,0,0
5343,1627,1692,0,101325,15,0,00:40:14,0.0,0.0,0.0,0,0,0,0,0,0
5343,1628,1693,0,101325,15,0,00:40:15,0.0,0.0,0.0,0,0,0,0,0,0
5343,1629,1694,0,101325,15,0,00:40:16,0.0,0.0,0.0,0,0,0,0,0,0
5343,1630,1695,0,101325,15,0,00:40:17,0.0,0.0,0.0,0,0,0,0,0,0
5343,1631,1696,0,101325,15,0,00:40:18,0.0,0.0,0.0,0,0,0,0,0,0
5343,1632,1697,0,101325,15,0,00:40:19,0.0,0.0,0.0,0,0,0,0,0,0
5343,1633,1698,0,101325,15,0,00:40:20,0.0,0.0,0.0,0,0,0,0,0,0
5343,1634,1699,0,101325,15,0,00:40:21,0.0,0.0,0.0,0,0,0,0,0,0
5343,1635,1700,0,101325,15,0,00:40:22,0.0,0.0,0.0,0,0,0,0,0,0
5343,1636,1701,0,101325,15,0,00:40:23,0.0,0.0,0.0,0,0,0,0,0,0
5343,1637,1702,0,101325,15,0,00:40:24,0.0,0.0,0.0,0,0,0,0,0,0
5343,1638,1703,0,101325,15,0,00:40:25,0.0,0.0,0.0,0,0,0,0,0,0
5343,1639,1704,0,101325,15,0,00:40:26,0.0,0.0,0.0,0,0,0,0,0,0
5343,1640,1705,0,101325,15,0,00:40:27,0.0,0.0,0.0,0,0,0,0,0,0
5343,1641,1706,0,101325,15,0,00:40:27,0.0,0.0,0.0,0,0,0,0,0,0
5343,1642,1707,0,101325,15,0,00:40:28,0.0,0.0,0.0,0,0,0,0,0,0
5343,1643,1708,0,101325,15,0,00:40:29,0.0,0.0,0.0,0,0,0,0,0,0
5343,1644,1709,0,101325,15,0,00:40:30,0.0,0.0,0.0,0,0,0,0,0,0
5343,1645,1710,0,101325,15,0,00:40:31,0.0,0.0,0.0,0,0,0,0,0,0
5343,1646,1711,0,101325,15,0,00:40:32,0.0,0.0,0.0,0,0,0,0,0,0
5343,1647,1712,0,101325,15,0,00:40:33,0.0,0.0,0.0,0,0,0,0,0,0
5343,1648,1713,0,101325,15,0,00:40:34,0.0,0.0,0.0,0,0,0,0,0,0
5343,1649,1714,0,101325,15,0,00:40:35,0.0,0.0,0.0,0,0,0,0,0,0
5343,1650,1715,0,101325,15,0,00:40:36,0.0,0.0,0.0,0,0,0,0,0,0
5343,1651,1717,0,101325,15,0,00:40:38,0.0,0.0,0.0,0,0,0,0,0,0
5343,1652,1718,0,101325,15,0,00:40:39,0.0,0.0,0.0,0,0,0,0,0,0
5343,1653,1719,0,101325,15,0,00:40:40,0.0,0.0,0.0,0,0,0,0,0,0
5343,1654,1720,0,101325,15,0,00:40:41,0.0,0.0,0.0,0,0,0,0,0,0
5343,1655,1721,0,101325,15,0,00:40:42,0.0,0.0,0.0,0,0,0,0,0,0
5343,1656,1722,0,101325,15,0,00:40:43,0.0,0.0,0.0,0,0,0,0,0,0
5343,1657,1723,0,101325,15,0,00:40:43,0.0,0.0,0.0,0,0,0,0,0,0
5343,1658,1724,0,101325,15,0,00:40:44,0.0,0.0,0.0,0,0,0,0,0,0
5343,1659,1725,0,101325,15,0,00:40:45,0.0,0.0,0.0,0,0,0,0,0,0
5343,1660,1726,0,101325,15,0,00:40:46,0.0,0.0,0.0,0,0,0,0,0,0
5343,1661,1727,0,101325,15,0,00:40:47,0.0,0.0,0.0,0,0,0,0,0,0
5343,1662,1728,0,101325,15,0,00:40:48,0.0,0.0,0.0,0,0,0,0,0,0
5343,1663,1729,0,101325,15,0,00:40:49,0.0,0.0,0.0,0,0,0,0,0,0
5343,1664,1730,0,101325,15,0,00:40:50,0.0,0.0,0.0,0,0,0,0,0,0
5343,1665,1731,0,101325,15,0,00:40:51,0.0,0.0,0.0,0,0,0,0,0,0
5343,1666,1732,0,101325,15,0,00:40:52,0.0,0.0,0.0,0,0,0,0,0,0
5343,1667,1733,0,101325,15,0,00:40:53,0.0,0.0,0.0,0,0,0,0,0,0
5343,1668,1734,0,101325,15,0,00:40:54,0.0,0.0,0.0,0,0,0,0,0,0
5343,1669,1735,0,101325,15,0,00:40:55,0.0,0.0,0.0,0,0,0,0,0,0
5343,1670,1736,0,101325,15,0,00:40:56,0.0,0.0,0.0,0,0,0,0,0,0
5343,1671,1737,0,101325,15,0,00:40:57,0.0,0.0,0.0,0,0,0,0,0,0
5343,1672,1738,0,101325,15,0,00:40:58,0.0,0.0,0.0,0,0,0,0,0,0
5343,1673,1739,0,101325,15,0,00:40:59,0.0,0.0,0.0,0,0,0,0,0,0
5343,1674,1740,0,101325,15,0,00:41:00,0.0,0.0,0.0,0,0,0,0,0,0
5343,1675,1741,0,101325,15,0,00:41:01,0.0,0.0,0.0,0,0,0,0,0,0
5343,1676,1742,0,101325,15,0,00:41:01,0.0,0.0,0.0,0,0,0,0,0,0
5343,1677,1743,0,101325,15,0,00:41:02,0.0,0.0,0.0,0,0,0,0,0,0
5343,1678,1744,0,101325,15,0,00:41:03,0.0,0.0,0.0,0,0,0,0,0,0
5343,1679,1745,0,101325,15,0,00:41:04,0.0,0.0,0.0,0,0,0,0,0,0
5343,1680,1747,0,101325,15,0,00:41:06,0.0,0.0,0.0,0,0,0,0,0,0
5343,1681,1748,0,101325,15,0,00:41:07,0.0,0.0,0.0,0,0,0,0,0,0
5343,1682,1749,0,101325,15,0,00:41:08,0.0,0.0,0.0,0,0,0,0,0,0
5343,1683,1750,0,101325,15,0,00:41:09,0.0,0.0,0.0,0,0,0,0,0,0
5343,1684,1751,0,101325,15,0,00:41:10,0.0,0.0,0.0,0,0,0,0,0,0
5343,1685,1752,0,101325,15,0,00:41:11,0.0,0.0,0.0,0,0,0,0,0,0
5343,1686,1753,0,101325,15,0,00:41:12,0.0,0.0,0.0,0,0,0,0,0,0
5343,1687,1754,0,101325,15,0,00:41:13,0.0,0.0,0.0,0,0,0,0,0,0
5343,1688,1755,0,101325,15,0,00:41:14,0.0,0.0,0.0,0,0,0,0,0,0
5343,1689,1756,0,101325,15,0,00:41:15,0.0,0.0,0.0,0,0,0,0,0,0
5343,1690,1757,0,101325,15,0,00:41:16,0.0,0.0,0.0,0,0,0,0,0,0
5343,1691,1758,0,101325,15,0,00:41:17,0.0,0.0,0.0,0,0,0,0,0,0
5343,1692,1759,0,101325,15,0,00:41:17,0.0,0.0,0.0,0,0,0,0,0,0
5343,1693,1760,0,101325,15,0,00:41:18,0.0,0.0,0.0,0,0,0,0,0,0
5343,1694,1761,0,101325,15,0,00:41:19,0.0,0.0,0.0,0,0,0,0,0,0
5343,1695,1762,0,101325,15,0,00:41:20,0.0,0.0,0.0,0,0,0,0,0,0
5343,1696,1763,0,101325,15,0,00:41:21,0.0,0.0,0.0,0,0,0,0,0,0
5343,1697,1764,0,101325,15,0,00:41:22,0.0,0.0,0.0,0,0,0,0,0,0
5343,1698,1765,0,101325,15,0,00:41:23,0.0,0.0,0.0,0,0,0,0,0,0
5343,1699,1766,0,101325,15,0,00:41:24,0.0,0.0,0.0,0,0,0,0,0,0
5343,1700,1767,0,101325,15,0,00:41:25,0.0,0.0,0.0,0,0,0,0,0,0
5343,1701,1768,0,101325,15,0,00:41:26,0.0,0.0,0.0,0,0,0,0,0,0
5343,1702,1769,0,101325,15,0,00:41:27,0.0,0.0,0.0,0,0,0,0,0,0
5343,1703,1770,0,101325,15,0,00:41:28,0.0,0.0,0.0,0,0,0,0,0,0
5343,1704,1771,0,101325,15,0,00:41:29,0.0,0.0,0.0,0,0,0,0,0,0
5343,1705,1772,0,101325,15,0,00:41:30,0.0,0.0,0.0,0,0,0,0,0,0
5343,1706,1773,0,101325,15,0,00:41:31,0.0,0.0,0.0,0,0,0,0,0,0
5343,1707,1774,0,101325,15,0,00:41:32,0.0,0.0,0.0,0,0,0,0,0,0
5343,1708,1776,0,101325,15,0,00:41:33,0.0,0.0,0.0,0,0,0,0,0,0
5343,1709,1777,0,101325,15,0,00:41:34,0.0,0.0,0.0,0,0,0,0,0,0
5343,1710,1778,0,101325,15,0,00:41:35,0.0,0.0,0.0,0,0,0,0,0,0
5343,1711,1779,0,101325,15,0,00:41:36,0.0,0.0,0.0,0,0,0,0,0,0
5343,1712,1780,0,101325,15,0,00:41:37,0.0,0.0,0.0,0,0,0,0,0,0
5343,1713,1781,0,101325,15,0,00:41:38,0.0,0.0,0.0,0,0,0,0,0,0
5343,1714,1782,0,101325,15,0,00:41:39,0.0,0.0,0.0,0,0,0,0,0,0
5343,1715,1783,0,101325,15,0,00:41:40,0.0,0.0,0.0,0,0,0,0,0,0
5343,1716,1784,0,101325,15,0,00:41:41,0.0,0.0,0.0,0,0,0,0,0,0
5343,1717,1785,0,101325,15,0,00:41:42,0.0,0.0,0.0,0,0,0,0,0,0
5343,1718,1786,0,101325,15,0,00:41:43,0.0,0.0,0.0,0,0,0,0,0,0
5343,1719,1787,0,101325,15,0,00:41:44,0.0,0.0,0.0,0,0,0,0,0,0
5343,1720,1788,0,101325,15,0,00:41:45,0.0,0.0,0.0,0,0,0,0,0,0
5343,1721,1789,0,101325,15,0,00:41:46,0.0,0.0,0.0,0,0,0,0,0,0
5343,1722,1790,0,101325,15,0,00:41:47,0.0,0.0,0.0,0,0,0,0,0,0
5343,1723,1791,0,101325,15,0,00:41:48,0.0,0.0,0.0,0,0,0,0,0,0
5343,1724,1792,0,101325,15,0,00:41:49,0.0,0.0,0.0,0,0,0,0,0,0
5343,1725,1793,0,101325,15,0,00:41:50,0.0,0.0,0.0,0,0,0,0,0,0
5343,1726,1794,0,101325,15,0,00:41:51,0.0,0.0,0.0,0,0,0,0,0,0
5343,1727,1795,0,101325,15,0,00:41:51,0.0,0.0,0.0,0,0,0,0,0,0
5343,1728,1796,0,101325,15,0,00:41:52,0.0,0.0,0.0,0,0,0,0,0,0
5343,1729,1797,0,101325,15,0,00:41:53,0.0,0.0,0.0,0,0,0,0,0,0
5343,1730,1798,0,101325,15,0,00:41:54,0.0,0.0,0.0,0,0,0,0,0,0
5343,1731,1799,0,101325,15,0,00:41:55,0.0,0.0,0.0,0,0,0,0,0,0
5343,1732,1800,0,101325,15,0,00:41:56,0.0,0.0,0.0,0,0,0,0,0,0
5343,1733,1801,0,101325,15,0,00:41:57,0.0,0.0,0.0,0,0,0,0,0,0
5343,1734,1802,0,101325,15,0,00:41:58,0.0,0.0,0.0,0,0,0,0,0,0
5343,1735,1803,0,101325,15,0,00:41:59,0.0,0.0,0.0,0,0,0,0,0,0
5343,1736,1804,0,101325,15,0,00:42:00,0.0,0.0,0.0,0,0,0,0,0,0
5343,1737,1806,0,101325,15,0,00:42:02,0.0,0.0,0.0,0,0,0,0,0,0
5343,1738,1807,0,101325,15,0,00:42:03,0.0,0.0,0.0,0,0,0,0,0,0
5343,1739,1808,0,101325,15,0,00:42:04,0.0,0.0,0.0,0,0,0,0,0,0
5343,1740,1809,0,101325,15,0,00:42:05,0.0,0.0,0.0,0,0,0,0,0,0
5343,1741,1810,0,101325,15,0,00:42:06,0.0,0.0,0.0,0,0,0,0,0,0
5343,1742,1811,0,101325,15,0,00:42:07,0.0,0.0,0.0,0,0,0,0,0,0
5343,1743,1812,0,101325,15,0,00:42:07,0.0,0.0,0.0,0,0,0,0,0,0
5343,1744,1813,0,101325,15,0,00:42:08,0.0,0.0,0.0,0,0,0,0,0,0
5343,1745,1814,0,101325,15,0,00:42:09,0.0,0.0,0.0,0,0,0,0,0,0
5343,1746,1815,0,101325,15,0,00:42:10,0.0,0.0,0.0,0,0,0,0,0,0
5343,1747,1816,0,101325,15,0,00:42:11,0.0,0.0,0.0,0,0,0,0,0,0
5343,1748,1817,0,101325,15,0,00:42:12,0.0,0.0,0.0,0,0,0,0,0,0
5343,1749,1818,0,101325,15,0,00:42:13,0.0,0.0,0.0,0,0,0,0,0,0
5343,1750,1819,0,101325,15,0,00:42:14,0.0,0.0,0.0,0,0,0,0,0,0
5343,1751,1820,0,101325,15,0,00:42:15,0.0,0.0,0.0,0,0,0,0,0,0
5343,1752,1821,0,101325,15,0,00:42:16,0.0,0.0,0.0,0,0,0,0,0,0
5343,1753,1822,0,101325,15,0,00:42:17,0.0,0.0,0.0,0,0,0,0,0,0
5343,1754,1823,0,101325,15,0,00:42:18,0.0,0.0,0.0,0,0,0,0,0,0
5343,1755,1824,0,101325,15,0,00:42:19,0.0,0.0,0.0,0,0,0,0,0,0
5343,1756,1825,0,101325,15,0,00:42:20,0.0,0.0,0.0,0,0,0,0,0,0
5343,1757,1826,0,101325,15,0,00:42:21,0.0,0.0,0.0,0,0,0,0,0,0
5343,1758,1827,0,101325,15,0,00:42:22,0.0,0.0,0.0,0,0,0,0,0,0
5343,1759,1828,0,101325,15,0,00:42:23,0.0,0.0,0.0,0,0,0,0,0,0
5343,1760,1829,0,101325,15,0,00:42:24,0.0,0.0,0.0,0,0,0,0,0,0
5343,1761,1830,0,101325,15,0,00:42:25,0.0,0.0,0.0,0,0,0,0,0,0
5343,1762,1831,0,101325,15,0,00:42:25,0.0,0.0,0.0,0,0,0,0,0,0
5343,1763,1832,0,101325,15,0,00:42:26,0.0,0.0,0.0,0,0,0,0,0,0
5343,1764,1833,0,101325,15,0,00:42:27,0.0,0.0,0.0,0,0,0,0,0,0
5343,1765,1835,0,101325,15,0,00:42:29,0.0,0.0,0.0,0,0,0,0,0,0
5343,1766,1836,0,101325,15,0,00:42:30,0.0,0.0,0.0,0,0,0,0,0,0
5343,1767,1837,0,101325,15,0,00:42:31,0.0,0.0,0.0,0,0,0,0,0,0
5343,1768,1838,0,101325,15,0,00:42:32,0.0,0.0,0.0,0,0,0,0,0,0
5343,1769,1839,0,101325,15,0,00:42:33,0.0,0.0,0.0,0,0,0,0,0,0
5343,1770,1840,0,101325,15,0,00:42:34,0.0,0.0,0.0,0,0,0,0,0,0
5343,1771,1841,0,101325,15,0,00:42:35,0.0,0.0,0.0,0,0,0,0,0,0
5343,1772,1842,0,101325,15,0,00:42:36,0.0,0.0,0.0,0,0,0,0,0,0
5343,1773,1843,0,101325,15,0,00:42:37,0.0,0.0,0.0,0,0,0,0,0,0
5343,1774,1844,0,101325,15,0,00:42:38,0.0,0.0,0.0,0,0,0,0,0,0
5343,1775,1845,0,101325,15,0,00:42:39,0.0,0.0,0.0,0,0,0,0,0,0
5343,1776,1846,0,101325,15,0,00:42:40,0.0,0.0,0.0,0,0,0,0,0,0
5343,1777,1847,0,101325,15,0,00:42:40,0.0,0.0,0.0,0,0,0,0,0,0
5343,1778,1848,0,101325,15,0,00:42:41,0.0,0.0,0.0,0,0,0,0,0,0
5343,1779,1849,0,101325,15,0,00:42:42,0.0,0.0,0.0,0,0,0,0,0,0
5343,1780,1850,0,101325,15,0,00:42:43,0.0,0.0,0.0,0,0,0,0,0,0
5343,1781,1851,0,101325,15,0,00:42:44,0.0,0.0,0.0,0,0,0,0,0,0
5343,1782,1852,0,101325,15,0,00:42:45,0.0,0.0,0.0,0,0,0,0,0,0
5343,1783,1853,0,101325,15,0,00:42:46,0.0,0.0,0.0,0,0,0,0,0,0
5343,1784,1854,0,101325,15,0,00:42:47,0.0,0.0,0.0,0,0,0,0,0,0
5343,1785,1855,0,101325,15,0,00:42:48,0.0,0.0,0.0,0,0,0,0,0,0
5343,1786,1856,0,101325,15,0,00:42:49,0.0,0.0,0.0,0,0,0,0,0,0
5343,1787,1857,0,101325,15,0,00:42:50,0.0,0.0,0.0,0,0,0,0,0,0
5343,1788,1858,0,101325,15,0,00:42:51,0.0,0.0,0.0,0,0,0,0,0,0
5343,1789,1859,0,101325,15,0,00:42:52,0.0,0.0,0.0,0,0,0,0,0,0
5343,1790,1860,0,101325,15,0,00:42:53,0.0,0.0,0.0,0,0,0,0,0,0
5343,1791,1861,0,101325,15,0,00:42:54,0.0,0.0,0.0,0,0,0,0,0,0
5343,1792,1862,0,101325,15,0,00:42:55,0.0,0.0,0.0,0,0,0,0,0,0
5343,1793,1863,0,101325,15,0,00:42:56,0.0,0.0,0.0,0,0,0,0,0,0
5343,1794,1865,0,101325,15,0,00:42:57,0.0,0.0,0.0,0,0,0,0,0,0
5343,1795,1866,0,101325,15,0,00:42:58,0.0,0.0,0.0,0,0,0,0,0,0
5343,1796,1867,0,101325,15,0,00:42:59,0.0,0.0,0.0,0,0,0,0,0,0
5343,1797,1868,0,101325,15,0,00:43:00,0.0,0.0,0.0,0,0,0,0,0,0
5343,1798,1869,0,101325,15,0,00:43:01,0.0,0.0,0.0,0,0,0,0,0,0
5343,1799,1870,0,101325,15,0,00:43:02,0.0,0.0,0.0,0,0,0,0,0,0
5343,1800,1871,0,101325,15,0,00:43:03,0.0,0.0,0.0,0,0,0,0,0,0
5343,1801,1872,0,101325,15,0,00:43:04,0.0,0.0,0.0,0,0,0,0,0,0
5343,1802,1873,0,101325,15,0,00:43:05,0.0,0.0,0.0,0,0,0,0,0,0
5343,1803,1874,0,101325,15,0,00:43:06,0.0,0.0,0.0,0,0,0,0,0,0
5343,1804,1875,0,101325,15,0,00:43:07,0.0,0.0,0.0,0,0,0,0,0,0
5343,1805,1876,0,101325,15,0,00:43:08,0.0,0.0,0.0,0,0,0,0,0,0
5343,1806,1877,0,101325,15,0,00:43:09,0.0,0.0,0.0,0,0,0,0,0,0
5343,1807,1878,0,101325,15,0,00:43:10,0.0,0.0,0.0,0,0,0,0,0,0
5343,1808,1879,0,101325,15,0,00:43:11,0.0,0.0,0.0,0,0,0,0,0,0
5343,1809,1880,0,101325,15,0,00:43:12,0.0,0.0,0.0,0,0,0,0,0,0
5343,1810,1881,0,101325,15,0,00:43:13,0.0,0.0,0.0,0,0,0,0,0,0
5343,1811,1882,0,101325,15,0,00:43:14,0.0,0.0,0.0,0,0,0,0,0,0
5343,1812,1883,0,101325,15,0,00:43:15,0.0,0.0,0.0,0,0,0,0,0,0
5343,1813,1884,0,101325,15,0,00:43:15,0.0,0.0,0.0,0,0,0,0,0,0
5343,1814,1885,0,101325,15,0,00:43:16,0.0,0.0,0.0,0,0,0,0,0,0
5343,1815,1886,0,101325,15,0,00:43:17,0.0,0.0,0.0,0,0,0,0,0,0
5343,1816,1887,0,101325,15,0,00:43:18,0.0,0.0,0.0,0,0,0,0,0,0
5343,1817,1888,0,101325,15,0,00:43:19,0.0,0.0,0.0,0,0,0,0,0,0
5343,1818,1889,0,101325,15,0,00:43:20,0.0,0.0,0.0,0,0,0,0,0,0
5343,1819,1890,0,101325,15,0,00:43:21,0.0,0.0,0.0,0,0,0,0,0,0
5343,1820,1891,0,101325,15,0,00:43:22,0.0,0.0,0.0,0,0,0,0,0,0
5343,1821,1892,0,101325,15,0,00:43:23,0.0,0.0,0.0,0,0,0,0,0,0
5343,1822,1894,0,101325,15,0,00:43:25,0.0,0.0,0.0,0,0,0,0,0,0
5343,1823,1895,0,101325,15,0,00:43:26,0.0,0.0,0.0,0,0,0,0,0,0
5343,1824,1896,0,101325,15,0,00:43:27,0.0,0.0,0.0,0,0,0,0,0,0
5343,1825,1897,0,101325,15,0,00:43:28,0.0,0.0,0.0,0,0,0,0,0,0
5343,1826,1898,0,101325,15,0,00:43:29,0.0,0.0,0.0,0,0,0,0,0,0
5343,1827,1899,0,101325,15,0,00:43:30,0.0,0.0,0.0,0,0,0,0,0,0
5343,1828,1900,0,101325,15,0,00:43:31,0.0,0.0,0.0,0,0,0,0,0,0
5343,1829,1901,0,101325,15,0,00:43:31,0.0,0.0,0.0,0,0,0,0,0,0
5343,1830,1902,0,101325,15,0,00:43:32,0.0,0.0,0.0,0,0,0,0,0,0
5343,1831,1903,0,101325,15,0,00:43:33,0.0,0.0,0.0,0,0,0,0,0,0
5343,1832,1904,0,101325,15,0,00:43:34,0.0,0.0,0.0,0,0,0,0,0,0
5343,1833,1905,0,101325,15,0,00:43:35,0.0,0.0,0.0,0,0,0,0,0,0
5343,1834,1906,0,101325,15,0,00:43:36,0.0,0.0,0.0,0,0,0,0,0,0
5343,1835,1907,0,101325,15,0,00:43:37,0.0,0.0,0.0,0,0,0,0,0,0
5343,1836,1908,0,101325,15,0,00:43:38,0.0,0.0,0.0,0,0,0,0,0,0
5343,1837,1909,0,101325,15,0,00:43:39,0.0,0.0,0.0,0,0,0,0,0,0
5343,1838,1910,0,101325,15,0,00:43:40,0.0,0.0,0.0,0,0,0,0,0,0
5343,1839,1911,0,101325,15,0,00:43:41,0.0,0.0,0.0,0,0,0,0,0,0
5343,1840,1912,0,101325,15,0,00:43:42,0.0,0.0,0.0,0,0,0,0,0,0
5343,1841,1913,0,101325,15,0,00:43:43,0.0,0.0,0.0,0,0,0,0,0,0
5343,1842,1914,0,101325,15,0,00:43:44,0.0,0.0,0.0,0,0,0,0,0,0
5343,1843,1915,0,101325,15,0,00:43:45,0.0,0.0,0.0,0,0,0,0,0,0
5343,1844,1916,0,101325,15,0,00:43:46,0.0,0.0,0.0,0,0,0,0,0,0
5343,1845,1917,0,101325,15,0,00:43:47,0.0,0.0,0.0,0,0,0,0,0,0
5343,1846,1918,0,101325,15,0,00:43:48,0.0,0.0,0.0,0,0,0,0,0,0
5343,1847,1919,0,101325,15,0,00:43:49,0.0,0.0,0.0,0,0,0,0,0,0
5343,1848,1920,0,101325,15,0,00:43:49,0.0,0.0,0.0,0,0,0,0,0,0
5343,1849,1921,0,101325,15,0,00:43:50,0.0,0.0,0.0,0,0,0,0,0,0
5343,1850,1922,0,101325,15,0,00:43:51,0.0,0.0,0.0,0,0,0,0,0,0
5343,1851,1924,0,101325,15,0,00:43:53,0.0,0.0,0.0,0,0,0,0,0,0
5343,1852,1925,0,101325,15,0,00:43:54,0.0,0.0,0.0,0,0,0,0,0,0
5343,1853,1926,0,101325,15,0,00:43:55,0.0,0.0,0.0,0,0,0,0,0,0
5343,1854,1927,0,101325,15,0,00:43:56,0.0,0.0,0.0,0,0,0,0,0,0
5343,1855,1928,0,101325,15,0,00:43:57,0.0,0.0,0.0,0,0,0,0,0,0
5343,1856,1929,0,101325,15,0,00:43:58,0.0,0.0,0.0,0,0,0,0,0,0
5343,1857,1930,0,101325,15,0,00:43:59,0.0,0.0,0.0,0,0,0,0,0,0
5343,1858,1931,0,101325,15,0,00:44:00,0.0,0.0,0.0,0,0,0,0,0,0
5343,1859,1932,0,101325,15,0,00:44:01,0.0,0.0,0.0,0,0,0,0,0,0
5343,1860,1933,0,101325,15,0,00:44:02,0.0,0.0,0.0,0,0,0,0,0,0
5343,1861,1934,0,101325,15,0,00:44:03,0.0,0.0,0.0,0,0,0,0,0,0
5343,1862,1935,0,101325,15,0,00:44:04,0.0,0.0,0.0,0,0,0,0,0,0
5343,1863,1936,0,101325,15,0,00:44:04,0.0,0.0,0.0,0,0,0,0,0,0
5343,1864,1937,0,101325,15,0,00:44:05,0.0,0.0,0.0,0,0,0,0,0,0
5343,1865,1938,0,101325,15,0,00:44:06,0.0,0.0,0.0,0,0,0,0,0,0
5343,1866,1939,0,101325,15,0,00:44:07,0.0,0.0,0.0,0,0,0,0,0,0
5343,1867,1940,0,101325,15,0,00:44:08,0.0,0.0,0.0,0,0,0,0,0,0
5343,1868,1941,0,101325,15,0,00:44:09,0.0,0.0,0.0,0,0,0,0,0,0
5343,1869,1942,0,101325,15,0,00:44:10,0.0,0.0,0.0,0,0,0,0,0,0
5343,1870,1943,0,101325,15,0,00:44:11,0.0,0.0,0.0,0,0,0,0,0,0
5343,1871,1944,0,101325,15,0,00:44:12,0.0,0.0,0.0,0,0,0,0,0,0
5343,1872,1945,0,101325,15,0,00:44:13,0.0,0.0,0.0,0,0,0,0,0,0
5343,1873,1946,0,101325,15,0,00:44:14,0.0,0.0,0.0,0,0,0,0,0,0
5343,1874,1947,0,101325,15,0,00:44:15,0.0,0.0,0.0,0,0,0,0,0,0
5343,1875,1948,0,101325,15,0,00:44:16,0.0,0.0,0.0,0,0,0,0,0,0
5343,1876,1949,0,101325,15,0,00:44:17,0.0,0.0,0.0,0,0,0,0,0,0
5343,1877,1950,0,101325,15,0,00:44:18,0.0,0.0,0.0,0,0,0,0,0,0
5343,1878,1951,0,101325,15,0,00:44:19,0.0,0.0,0.0,0,0,0,0,0,0
5343,1879,1953,0,101325,15,0,00:44:20,0.0,0.0,0.0,0,0,0,0,0,0
5343,1880,1954,0,101325,15,0,00:44:21,0.0,0.0,0.0,0,0,0,0,0,0
5343,1881,1955,0,101325,15,0,00:44:22,0.0,0.0,0.0,0,0,0,0,0,0
5343,1882,1956,0,101325,15,0,00:44:23,0.0,0.0,0.0,0,0,0,0,0,0
5343,1883,1957,0,101325,15,0,00:44:24,0.0,0.0,0.0,0,0,0,0,0,0
5343,1884,1958,0,101325,15,0,00:44:25,0.0,0.0,0.0,0,0,0,0,0,0
5343,1885,1959,0,101325,15,0,00:44:26,0.0,0.0,0.0,0,0,0,0,0,0
5343,1886,1960,0,101325,15,0,00:44:27,0.0,0.0,0.0,0,0,0,0,0,0
5343,1887,1961,0,101325,15,0,00:44:28,0.0,0.0,0.0,0,0,0,0,0,0
5343,1888,1962,0,101325,15,0,00:44:29,0.0,0.0,0.0,0,0,0,0,0,0
5343,1889,1963,0,101325,15,0,00:44:30,0.0,0.0,0.0,0,0,0,0,0,0
5343,1890,1964,0,101325,15,0,00:44:31,0.0,0.0,0.0,0,0,0,0,0,0
5343,1891,1965,0,101325,15,0,00:44:32,0.0,0.0,0.0,0,0,0,0,0,0
5343,1892,1966,0,101325,15,0,00:44:33,0.0,0.0,0.0,0,0,0,0,0,0
5343,1893,1967,0,101325,15,0,00:44:34,0.0,0.0,0.0,0,0,0,0,0,0
5343,1894,1968,0,101325,15,0,00:44:35,0.0,0.0,0.0,0,0,0,0,0,0
5343,1895,1969,0,101325,15,0,00:44:36,0.0,0.0,0.0,0,0,0,0,0,0
5343,1896,1970,0,101325,15,0,00:44:37,0.0,0.0,0.0,0,0,0,0,0,0
5343,1897,1971,0,101325,15,0,00:44:38,0.0,0.0,0.0,0,0,0,0,0,0
5343,1898,1972,0,101325,15,0,00:44:38,0.0,0.0,0.0,0,0,0,0,0,0
5343,1899,1973,0,101325,15,0,00:44:39,0.0,0.0,0.0,0,0,0,0,0,0
5343,1900,1974,0,101325,15,0,00:44:40,0.0,0.0,0.0,0,0,0,0,0,0
5343,1901,1975,0,101325,15,0,00:44:41,0.0,0.0,0.0,0,0,0,0,0,0
5343,1902,1976,0,101325,15,0,00:44:42,0.0,0.0,0.0,0,0,0,0,0,0
5343,1903,1977,0,101325,15,0,00:44:43,0.0,0.0,0.0,0,0,0,0,0,0
5343,1904,1978,0,101325,15,0,00:44:44,0.0,0.0,0.0,0,0,0,0,0,0
5343,1905,1979,0,101325,15,0,00:44:45,0.0,0.0,0.0,0,0,0,0,0,0
5343,1906,1980,0,101325,15,0,00:44:46,0.0,0.0,0.0,0,0,0,0,0,0
5343,1907,1981,0,101325,15,0,00:44:47,0.0,0.0,0.0,0,0,0,0,0,0
5343,1908,1983,0,101325,15,0,00:44:49,0.0,0.0,0.0,0,0,0,0,0,0
5343,1909,1984,0,101325,15,0,00:44:50,0.0,0.0,0.0,0,0,0,0,0,0
5343,1910,1985,0,101325,15,0,00:44:51,0.0,0.0,0.0,0,0,0,0,0,0
5343,1911,1986,0,101325,15,0,00:44:52,0.0,0.0,0.0,0,0,0,0,0,0
5343,1912,1987,0,101325,15,0,00:44:53,0.0,0.0,0.0,0,0,0,0,0,0
5343,1913,1988,0,101325,15,0,00:44:54,0.0,0.0,0.0,0,0,0,0,0,0
5343,1914,1989,0,101325,15,0,00:44:54,0.0,0.0,0.0,0,0,0,0,0,0
5343,1915,1990,0,101325,15,0,00:44:55,0.0,0.0,0.0,0,0,0,0,0,0
5343,1916,1991,0,101325,15,0,00:44:56,0.0,0.0,0.0,0,0,0,0,0,0
5343,1917,1992,0,101325,15,0,00:44:57,0.0,0.0,0.0,0,0,0,0,0,0
5343,1918,1993,0,101325,15,0,00:44:58,0.0,0.0,0.0,0,0,0,0,0,0
5343,1919,1994,0,101325,15,0,00:44:59,0.0,0.0,0.0,0,0,0,0,0,0
5343,1920,1995,0,101325,15,0,00:45:00,0.0,0.0,0.0,0,0,0,0,0,0
5343,1921,1996,0,101325,15,0,00:45:01,0.0,0.0,0.0,0,0,0,0,0,0
5343,1922,1997,0,101325,15,0,00:45:02,0.0,0.0,0.0,0,0,0,0,0,0
5343,1923,1998,0,101325,15,0,00:45:03,0.0,0.0,0.0,0,0,0,0,0,0
5343,1924,1999,0,101325,15,0,00:45:04,0.0,0.0,0.0,0,0,0,0,0,0
5343,1925,2000,0,101325,15,0,00:45:05,0.0,0.0,0.0,0,0,0,0,0,0
5343,1926,2001,0,101325,15,0,00:45:06,0.0,0.0,0.0,0,0,0,0,0,0
5343,1927,2002,0,101325,15,0,00:45:07,0.0,0.0,0.0,0,0,0,0,0,0
5343,1928,2003,0,101325,15,0,00:45:08,0.0,0.0,0.0,0,0,0,0,0,0
5343,1929,2004,0,101325,15,0,00:45:09,0.0,0.0,0.0,0,0,0,0,0,0
5343,1930,2005,0,101325,15,0,00:45:10,0.0,0.0,0.0,0,0,0,0,0,0
5343,1931,2006,0,101325,15,0,00:45:11,0.0,0.0,0.0,0,0,0,0,0,0
5343,1932,2007,0,101325,15,0,00:45:12,0.0,0.0,0.0,0,0,0,0,0,0
5343,1933,2008,0,101325,15,0,00:45:13,0.0,0.0,0.0,0,0,0,0,0,0
5343,1934,2009,0,101325,15,0,00:45:13,0.0,0.0,0.0,0,0,0,0,0,0
5343,1935,2010,0,101325,15,0,00:45:14,0.0,0.0,0.0,0,0,0,0,0,0
5343,1936,2012,0,101325,15,0,00:45:16,0.0,0.0,0.0,0,0,0,0,0,0
5343,1937,2013,0,101325,15,0,00:45:17,0.0,0.0,0.0,0,0,0,0,0,0
5343,1938,2014,0,101325,15,0,00:45:18,0.0,0.0,0.0,0,0,0,0,0,0
5343,1939,2015,0,101325,15,0,00:45:19,0.0,0.0,0.0,0,0,0,0,0,0
5343,1940,2016,0,101325,15,0,00:45:20,0.0,0.0,0.0,0,0,0,0,0,0
5343,1941,2017,0,101325,15,0,00:45:21,0.0,0.0,0.0,0,0,0,0,0,0
5343,1942,2018,0,101325,15,0,00:45:22,0.0,0.0,0.0,0,0,0,0,0,0
5343,1943,2019,0,101325,15,0,00:45:23,0.0,0.0,0.0,0,0,0,0,0,0
5343,1944,2020,0,101325,15,0,00:45:24,0.0,0.0,0.0,0,0,0,0,0,0
5343,1945,2021,0,101325,15,0,00:45:25,0.0,0.0,0.0,0,0,0,0,0,0
5343,1946,2022,0,101325,15,0,00:45:26,0.0,0.0,0.0,0,0,0,0,0,0
5343,1947,2023,0,101325,15,0,00:45:27,0.0,0.0,0.0,0,0,0,0,0,0
5343,1948,2024,0,101325,15,0,00:45:28,0.0,0.0,0.0,0,0,0,0,0,0
5343,1949,2025,0,101325,15,0,00:45:29,0.0,0.0,0.0,0,0,0,0,0,0
5343,1950,2026,0,101325,15,0,00:45:29,0.0,0.0,0.0,0,0,0,0,0,0
5343,1951,2027,0,101325,15,0,00:45:30,0.0,0.0,0.0,0,0,0,0,0,0
5343,1952,2028,0,101325,15,0,00:45:31,0.0,0.0,0.0,0,0,0,0,0,0
5343,1953,2029,0,101325,15,0,00:45:32,0.0,0.0,0.0,0,0,0,0,0,0
5343,1954,2030,0,101325,15,0,00:45:33,0.0,0.0,0.0,0,0,0,0,0,0
5343,1955,2031,0,101325,15,0,00:45:34,0.0,0.0,0.0,0,0,0,0,0,0
5343,1956,2032,0,101325,15,0,00:45:35,0.0,0.0,0.0,0,0,0,0,0,0
5343,1957,2033,0,101325,15,0,00:45:36,0.0,0.0,0.0,0,0,0,0,0,0
5343,1958,2034,0,101325,15,0,00:45:37,0.0,0.0,0.0,0,0,0,0,0,0
5343,1959,2035,0,101325,15,0,00:45:38,0.0,0.0,0.0,0,0,0,0,0,0
5343,1960,2036,0,101325,15,0,00:45:39,0.0,0.0,0.0,0,0,0,0,0,0
5343,1961,2037,0,101325,15,0,00:45:40,0.0,0.0,0.0,0,0,0,0,0,0
5343,1962,2038,0,101325,15,0,00:45:41,0.0,0.0,0.0,0,0,0,0,0,0
5343,1963,2039,0,101325,15,0,00:45:42,0.0,0.0,0.0,0,0,0,0,0,0
5343,1964,2040,0,101325,15,0,00:45:43,0.0,0.0,0.0,0,0,0,0,0,0
5343,1965,2042,0,101325,15,0,00:45:44,0.0,0.0,0.0,0,0,0,0,0,0
5343,1966,2043,0,101325,15,0,00:45:45,0.0,0.0,0.0,0,0,0,0,0,0
5343,1967,2044,0,101325,15,0,00:45:46,0.0,0.0,0.0,0,0,0,0,0,0
5343,1968,2045,0,101325,15,0,00:45:47,0.0,0.0,0.0,0,0,0,0,0,0
5343,1969,2046,0,101325,15,0,00:45:48,0.0,0.0,0.0,0,0,0,0,0,0
5343,1970,2047,0,101325,15,0,00:45:49,0.0,0.0,0.0,0,0,0,0,0,0
5343,1971,2048,0,101325,15,0,00:45:50,0.0,0.0,0.0,0,0,0,0,0,0
5343,1972,2049,0,101325,15,0,00:45:51,0.0,0.0,0.0,0,0,0,0,0,0
5343,1973,2050,0,101325,15,0,00:45:52,0.0,0.0,0.0,0,0,0,0,0,0
5343,1974,2051,0,101325,15,0,00:45:53,0.0,0.0,0.0,0,0,0,0,0,0
5343,1975,2052,0,101325,15,0,00:45:54,0.0,0.0,0.0,0,0,0,0,0,0
5343,1976,2053,0,101325,15,0,00:45:55,0.0,0.0,0.0,0,0,0,0,0,0
5343,1977,2054,0,101325,15,0,00:45:56,0.0,0.0,0.0,0,0,0,0,0,0
5343,1978,2055,0,101325,15,0,00:45:57,0.0,0.0,0.0,0,0,0,0,0,0
5343,1979,2056,0,101325,15,0,00:45:58,0.0,0.0,0.0,0,0,0,0,0,0
5343,1980,2057,0,101325,15,0,00:45:59,0.0,0.0,0.0,0,0,0,0,0,0
5343,1981,2058,0,101325,15,0,00:46:00,0.0,0.0,0.0,0,0,0,0,0,0
5343,1982,2059,0,101325,15,0,00:46:01,0.0,0.0,0.0,0,0,0,0,0,0
5343,1983,2060,0,101325,15,0,00:46:02,0.0,0.0,0.0,0,0,0,0,0,0
5343,1984,2061,0,101325,15,0,00:46:03,0.0,0.0,0.0,0,0,0,0,0,0
5343,1985,2062,0,101325,15,0,00:46:03,0.0,0.0,0.0,0,0,0,0,0,0
5343,1986,2063,0,101325,15,0,00:46:04,0.0,0.0,0.0,0,0,0,0,0,0
5343,1987,2064,0,101325,15,0,00:46:05,0.0,0.0,0.0,0,0,0,0,0,0
5343,1988,2065,0,101325,15,0,00:46:06,0.0,0.0,0.0,0,0,0,0,0,0
5343,1989,2066,0,101325,15,0,00:46:07,0.0,0.0,0.0,0,0,0,0,0,0
5343,1990,2067,0,101325,15,0,00:46:08,0.0,0.0,0.0,0,0,0,0,0,0
5343,1991,2068,0,101325,15,0,00:46:09,0.0,0.0,0.0,0,0,0,0,0,0
5343,1992,2069,0,101325,15,0,00:46:10,0.0,0.0,0.0,0,0,0,0,0,0
5343,1993,2071,0,101325,15,0,00:46:12,0.0,0.0,0.0,0,0,0,0,0,0
5343,1994,2072,0,101325,15,0,00:46:13,0.0,0.0,0.0,0,0,0,0,0,0
5343,1995,2073,0,101325,15,0,00:46:14,0.0,0.0,0.0,0,0,0,0,0,0
5343,1996,2074,0,101325,15,0,00:46:15,0.0,0.0,0.0,0,0,0,0,0,0
5343,1997,2075,0,101325,15,0,00:46:16,0.0,0.0,0.0,0,0,0,0,0,0
5343,1998,2076,0,101325,15,0,00:46:17,0.0,0.0,0.0,0,0,0,0,0,0
5343,1999,2077,0,101325,15,0,00:46:18,0.0,0.0,0.0,0,0,0,0,0,0
5343,2000,2078,0,101325,15,0,00:46:19,0.0,0.0,0.0,0,0,0,0,0,0
5343,2001,2079,0,101325,15,0,00:46:19,0.0,0.0,0.0,0,0,0,0,0,0
5343,2002,2080,0,101325,15,0,00:46:20,0.0,0.0,0.0,0,0,0,0,0,0
5343,2003,2081,0,101325,15,0,00:46:21,0.0,0.0,0.0,0,0,0,0,0,0
5343,2004,2082,0,101325,15,0,00:46:22,0.0,0.0,0.0,0,0,0,0,0,0
5343,2005,2083,0,101325,15,0,00:46:23,0.0,0.0,0.0,0,0,0,0,0,0
5343,2006,2084,0,101325,15,0,00:46:24,0.0,0.0,0.0,0,0,0,0,0,0
5343,2007,2085,0,101325,15,0,00:46:25,0.0,0.0,0.0,0,0,0,0,0,0
5343,2008,2086,0,101325,15,0,00:46:26,0.0,0.0,0.0,0,0,0,0,0,0
5343,2009,2087,0,101325,15,0,00:46:27,0.0,0.0,0.0,0,0,0,0,0,0
5343,2010,2088,0,101325,15,0,00:46:28,0.0,0.0,0.0,0,0,0,0,0,0
5343,2011,2089,0,101325,15,0,00:46:29,0.0,0.0,0.0,0,0,0,0,0,0
5343,2012,2090,0,101325,15,0,00:46:30,0.0,0.0,0.0,0,0,0,0,0,0
5343,2013,2091,0,101325,15,0,00:46:31,0.0,0.0,0.0,0,0,0,0,0,0
5343,2014,2092,0,101325,15,0,00:46:32,0.0,0.0,0.0,0,0,0,0,0,0
5343,2015,2093,0,101325,15,0,00:46:33,0.0,0.0,0.0,0,0,0,0,0,0
5343,2016,2094,0,101325,15,0,00:46:34,0.0,0.0,0.0,0,0,0,0,0,0
5343,2017,2095,0,101325,15,0,00:46:35,0.0,0.0,0.0,0,0,0,0,0,0
5343,2018,2096,0,101325,15,0,00:46:36,0.0,0.0,0.0,0,0,0,0,0,0
5343,2019,2097,0,101325,15,0,00:46:37,0.0,0.0,0.0,0,0,0,0,0,0
5343,2020,2098,0,101325,15,0,00:46:37,0.0,0.0,0.0,0,0,0,0,0,0
5343,2021,2099,0,101325,15,0,00:46:38,0.0,0.0,0.0,0,0,0,0,0,0
5343,2022,2101,0,101325,15,0,00:46:40,0.0,0.0,0.0,0,0,0,0,0,0
5343,2023,2102,0,101325,15,0,00:46:41,0.0,0.0,0.0,0,0,0,0,0,0
5343,2024,2103,0,101325,15,0,00:46:42,0.0,0.0,0.0,0,0,0,0,0,0
5343,2025,2104,0,101325,15,0,00:46:43,0.0,0.0,0.0,0,0,0,0,0,0
5343,2026,2105,0,101325,15,0,00:46:44,0.0,0.0,0.0,0,0,0,0,0,0
5343,2027,2106,0,101325,15,0,00:46:45,0.0,0.0,0.0,0,0,0,0,0,0
5343,2028,2107,0,101325,15,0,00:46:46,0.0,0.0,0.0,0,0,0,0,0,0
5343,2029,2108,0,101325,15,0,00:46:47,0.0,0.0,0.0,0,0,0,0,0,0
5343,2030,2109,0,101325,15,0,00:46:48,0.0,0.0,0.0,0,0,0,0,0,0
5343,2031,2110,0,101325,15,0,00:46:49,0.0,0.0,0.0,0,0,0,0,0,0
5343,2032,2111,0,101325,15,0,00:46:50,0.0,0.0,0.0,0,0,0,0,0,0
5343,2033,2112,0,101325,15,0,00:46:51,0.0,0.0,0.0,0,0,0,0,0,0
5343,2034,2113,0,101325,15,0,00:46:52,0.0,0.0,0.0,0,0,0,0,0,0
5343,2035,2114,0,101325,15,0,00:46:52,0.0,0.0,0.0,0,0,0,0,0,0
5343,2036,2115,0,101325,15,0,00:46:53,0.0,0.0,0.0,0,0,0,0,0,0
5343,2037,2116,0,101325,15,0,00:46:54,0.0,0.0,0.0,0,0,0,0,0,0
5343,2038,2117,0,101325,15,0,00:46:55,0.0,0.0,0.0,0,0,0,0,0,0
5343,2039,2118,0,101325,15,0,00:46:56,0.0,0.0,0.0,0,0,0,0,0,0
5343,2040,2119,0,101325,15,0,00:46:57,0.0,0.0,0.0,0,0,0,0,0,0
5343,2041,2120,0,101325,15,0,00:46:58,0.0,0.0,0.0,0,0,0,0,0,0
5343,2042,2121,0,101325,15,0,00:46:59,0.0,0.0,0.0,0,0,0,0,0,0
5343,2043,2122,0,101325,15,0,00:47:00,0.0,0.0,0.0,0,0,0,0,0,0
5343,2044,2123,0,101325,15,0,00:47:01,0.0,0.0,0.0,0,0,0,0,0,0
5343,2045,2124,0,101325,15,0,00:47:02,0.0,0.0,0.0,0,0,0,0,0,0
5343,2046,2125,0,101325,15,0,00:47:03,0.0,0.0,0.0,0,0,0,0,0,0
5343,2047,2126,0,101325,15,0,00:47:04,0.0,0.0,0.0,0,0,0,0,0,0
5343,2048,2127,0,101325,15,0,00:47:05,0.0,0.0,0.0,0,0,0,0,0,0
5343,2049,2128,0,101325,15,0,00:47:06,0.0,0.0,0.0,0,0,0,0,0,0
5343,2050,2129,0,101325,15,0,00:47:07,0.0,0.0,0.0,0,0,0,0,0,0
5343,2051,2131,0,101325,15,0,00:47:08,0.0,0.0,0.0,0,0,0,0,0,0
5343,2052,2132,0,101325,15,0,00:47:09,0.0,0.0,0.0,0,0,0,0,0,0
5343,2053,2133,0,101325,15,0,00:47:10,0.0,0.0,0.0,0,0,0,0,0,0
5343,2054,2134,0,101325,15,0,00:47:11,0.0,0.0,0.0,0,0,0,0,0,0
5343,2055,2135,0,101325,15,0,00:47:12,0.0,0.0,0.0,0,0,0,0,0,0
5343,2056,2136,0,101325,15,0,00:47:13,0.0,0.0,0.0,0,0,0,0,0,0
5343,2057,2137,0,101325,15,0,00:47:14,0.0,0.0,0.0,0,0,0,0,0,0
5343,2058,2138,0,101325,15,0,00:47:15,0.0,0.0,0.0,0,0,0,0,0,0
5343,2059,2139,0,101325,15,0,00:47:16,0.0,0.0,0.0,0,0,0,0,0,0
5343,2060,2140,0,101325,15,0,00:47:17,0.0,0.0,0.0,0,0,0,0,0,0
5343,2061,2141,0,101325,15,0,00:47:18,0.0,0.0,0.0,0,0,0,0,0,0
5343,2062,2142,0,101325,15,0,00:47:19,0.0,0.0,0.0,0,0,0,0,0,0
5343,2063,2143,0,101325,15,0,00:47:20,0.0,0.0,0.0,0,0,0,0,0,0
5343,2064,2144,0,101325,15,0,00:47:21,0.0,0.0,0.0,0,0,0,0,0,0
5343,2065,2145,0,101325,15,0,00:47:22,0.0,0.0,0.0,0,0,0,0,0,0
5343,2066,2146,0,101325,15,0,00:47:23,0.0,0.0,0.0,0,0,0,0,0,0
5343,2067,2147,0,101325,15,0,00:47:24,0.0,0.0,0.0,0,0,0,0,0,0
5343,2068,2148,0,101325,15,0,00:47:25,0.0,0.0,0.0,0,0,0,0,0,0
5343,2069,2149,0,101325,15,0,00:47:26,0.0,0.0,0.0,0,0,0,0,0,0
5343,2070,2150,0,101325,15,0,00:47:27,0.0,0.0,0.0,0,0,0,0,0,0
5343,2071,2151,0,101325,15,0,00:47:27,0.0,0.0,0.0,0,0,0,0,0,0
5343,2072,2152,0,101325,15,0,00:47:28,0.0,0.0,0.0,0,0,0,0,0,0
5343,2073,2153,0,101325,15,0,00:47:29,0.0,0.0,0.0,0,0,0,0,0,0
5343,2074,2154,0,101325,15,0,00:47:30,0.0,0.0,0.0,0,0,0,0,0,0
5343,2075,2155,0,101325,15,0,00:47:31,0.0,0.0,0.0,0,0,0,0,0,0
5343,2076,2156,0,101325,15,0,00:47:32,0.0,0.0,0.0,0,0,0,0,0,0
5343,2077,2157,0,101325,15,0,00:47:33,0.0,0.0,0.0,0,0,0,0,0,0
5343,2078,2158,0,101325,15,0,00:47:34,0.0,0.0,0.0,0,0,0,0,0,0
5343,2079,2160,0,101325,15,0,00:47:36,0.0,0.0,0.0,0,0,0,0,0,0
5343,2080,2161,0,101325,15,0,00:47:37,0.0,0.0,0.0,0,0,0,0,0,0
5343,2081,2162,0,101325,15,0,00:47:38,0.0,0.0,0.0,0,0,0,0,0,0
5343,2082,2163,0,101325,15,0,00:47:39,0.0,0.0,0.0,0,0,0,0,0,0
5343,2083,2164,0,101325,15,0,00:47:40,0.0,0.0,0.0,0,0,0,0,0,0
5343,2084,2165,0,101325,15,0,00:47:41,0.0,0.0,0.0,0,0,0,0,0,0
5343,2085,2166,0,101325,15,0,00:47:42,0.0,0.0,0.0,0,0,0,0,0,0
5343,2086,2167,0,101325,15,0,00:47:42,0.0,0.0,0.0,0,0,0,0,0,0
5343,2087,2168,0,101325,15,0,00:47:43,0.0,0.0,0.0,0,0,0,0,0,0
5343,2088,2169,0,101325,15,0,00:47:44,0.0,0.0,0.0,0,0,0,0,0,0
5343,2089,2170,0,101325,15,0,00:47:45,0.0,0.0,0.0,0,0,0,0,0,0
5343,2090,2171,0,101325,15,0,00:47:46,0.0,0.0,0.0,0,0,0,0,0,0
5343,2091,2172,0,101325,15,0,00:47:47,0.0,0.0,0.0,0,0,0,0,0,0
5343,2092,2173,0,101325,15,0,00:47:48,0.0,0.0,0.0,0,0,0,0,0,0
5343,2093,2174,0,101325,15,0,00:47:49,0.0,0.0,0.0,0,0,0,0,0,0
5343,2094,2175,0,101325,15,0,00:47:50,0.0,0.0,0.0,0,0,0,0,0,0
5343,2095,2176,0,101325,15,0,00:47:51,0.0,0.0,0.0,0,0,0,0,0,0
5343,2096,2177,0,101325,15,0,00:47:52,0.0,0.0,0.0,0,0,0,0,0,0
5343,2097,2178,0,101325,15,0,00:47:53,0.0,0.0,0.0,0,0,0,0,0,0
5343,2098,2179,0,101325,15,0,00:47:54,0.0,0.0,0.0,0,0,0,0,0,0
5343,2099,2180,0,101325,15,0,00:47:55,0.0,0.0,0.0,0,0,0,0,0,0
5343,2100,2181,0,101325,15,0,00:47:56,0.0,0.0,0.0,0,0,0,0,0,0
5343,2101,2182,0,101325,15,0,00:47:57,0.0,0.0,0.0,0,0,0,0,0,0
5343,2102,2183,0,101325,15,0,00:47:58,0.0,0.0,0.0,0,0,0,0,0,0
5343,2103,2184,0,101325,15,0,00:47:59,0.0,0.0,0.0,0,0,0,0,0,0
5343,2104,2185,0,101325,15,0,00:48:00,0.0,0.0,0.0,0,0,0,0,0,0
5343,2105,2186,0,101325,15,0,00:48:01,0.0,0.0,0.0,0,0,0,0,0,0
5343,2106,2187,0,101325,15,0,00:48:01,0.0,0.0,0.0,0,0,0,0,0,0
5343,2107,2189,0,101325,15,0,00:48:03,0.0,0.0,0.0,0,0,0,0,0,0
5343,2108,2190,0,101325,15,0,00:48:04,0.0,0.0,0.0,0,0,0,0,0,0
5343,2109,2191,0,101325,15,0,00:48:05,0.0,0.0,0.0,0,0,0,0,0,0
5343,2110,2192,0,101325,15,0,00:48:06,0.0,0.0,0.0,0,0,0,0,0,0
5343,2111,2193,0,101325,15,0,00:48:07,0.0,0.0,0.0,0,0,0,0,0,0
5343,2112,2194,0,101325,15,0,00:48:08,0.0,0.0,0.0,0,0,0,0,0,0
5343,2113,2195,0,101325,15,0,00:48:09,0.0,0.0,0.0,0,0,0,0,0,0
5343,2114,2196,0,101325,15,0,00:48:10,0.0,0.0,0.0,0,0,0,0,0,0
5343,2115,2197,0,101325,15,0,00:48:11,0.0,0.0,0.0,0,0,0,0,0,0
5343,2116,2198,0,101325,15,0,00:48:12,0.0,0.0,0.0,0,0,0,0,0,0
5343,2117,2199,0,101325,15,0,00:48:13,0.0,0.0,0.0,0,0,0,0,0,0
5343,2118,2200,0,101325,15,0,00:48:14,0.0,0.0,0.0,0,0,0,0,0,0
5343,2119,2201,0,101325,15,0,00:48:15,0.0,0.0,0.0,0,0,0,0,0,0
5343,2120,2202,0,101325,15,0,00:48:16,0.0,0.0,0.0,0,0,0,0,0,0
5343,2121,2203,0,101325,15,0,00:48:17,0.0,0.0,0.0,0,0,0,0,0,0
5343,2122,2204,0,101325,15,0,00:48:17,0.0,0.0,0.0,0,0,0,0,0,0
5343,2123,2205,0,101325,15,0,00:48:18,0.0,0.0,0.0,0,0,0,0,0,0
5343,2124,2206,0,101325,15,0,00:48:19,0.0,0.0,0.0,0,0,0,0,0,0
5343,2125,2207,0,101325,15,0,00:48:20,0.0,0.0,0.0,0,0,0,0,0,0
5343,2126,2208,0,101325,15,0,00:48:21,0.0,0.0,0.0,0,0,0,0,0,0
5343,2127,2209,0,101325,15,0,00:48:22,0.0,0.0,0.0,0,0,0,0,0,0
5343,2128,2210,0,101325,15,0,00:48:23,0.0,0.0,0.0,0,0,0,0,0,0
5343,2129,2211,0,101325,15,0,00:48:24,0.0,0.0,0.0,0,0,0,0,0,0
5343,2130,2212,0,101325,15,0,00:48:25,0.0,0.0,0.0,0,0,0,0,0,0
5343,2131,2213,0,101325,15,0,00:48:26,0.0,0.0,0.0,0,0,0,0,0,0
5343,2132,2214,0,101325,15,0,00:48:27,0.0,0.0,0.0,0,0,0,0,0,0
5343,2133,2215,0,101325,15,0,00:48:28,0.0,0.0,0.0,0,0,0,0,0,0
5343,2134,2216,0,101325,15,0,00:48:29,0.0,0.0,0.0,0,0,0,0,0,0
5343,2135,2217,0,101325,15,0,00:48:30,0.0,0.0,0.0,0,0,0,0,0,0
5343,2136,2219,0,101325,15,0,00:48:32,0.0,0.0,0.0,0,0,0,0,0,0
5343,2137,2220,0,101325,15,0,00:48:32,0.0,0.0,0.0,0,0,0,0,0,0
5343,2138,2221,0,101325,15,0,00:48:33,0.0,0.0,0.0,0,0,0,0,0,0
5343,2139,2222,0,101325,15,0,00:48:34,0.0,0.0,0.0,0,0,0,0,0,0
5343,2140,2223,0,101325,15,0,00:48:35,0.0,0.0,0.0,0,0,0,0,0,0
5343,2141,2224,0,101325,15,0,00:48:36,0.0,0.0,0.0,0,0,0,0,0,0
5343,2142,2225,0,101325,15,0,00:48:37,0.0,0.0,0.0,0,0,0,0,0,0
5343,2143,2226,0,101325,15,0,00:48:38,0.0,0.0,0.0,0,0,0,0,0,0
5343,2144,2227,0,101325,15,0,00:48:39,0.0,0.0,0.0,0,0,0,0,0,0
5343,2145,2228,0,101325,15,0,00:48:40,0.0,0.0,0.0,0,0,0,0,0,0
5343,2146,2229,0,101325,15,0,00:48:41,0.0,0.0,0.0,0,0,0,0,0,0
5343,2147,2230,0,101325,15,0,00:48:42,0.0,0.0,0.0,0,0,0,0,0,0
5343,2148,2231,0,101325,15,0,00:48:43,0.0,0.0,0.0,0,0,0,0,0,0
5343,2149,2232,0,101325,15,0,00:48:44,0.0,0.0,0.0,0,0,0,0,0,0
5343,2150,2233,0,101325,15,0,00:48:45,0.0,0.0,0.0,0,0,0,0,0,0
5343,2151,2234,0,101325,15,0,00:48:46,0.0,0.0,0.0,0,0,0,0,0,0
5343,2152,2235,0,101325,15,0,00:48:47,0.0,0.0,0.0,0,0,0,0,0,0
5343,2153,2236,0,101325,15,0,00:48:48,0.0,0.0,0.0,0,0,0,0,0,0
5343,2154,2237,0,101325,15,0,00:48:49,0.0,0.0,0.0,0,0,0,0,0,0
5343,2155,2238,0,101325,15,0,00:48:50,0.0,0.0,0.0,0,0,0,0,0,0
5343,2156,2239,0,101325,15,0,00:48:51,0.0,0.0,0.0,0,0,0,0,0,0
5343,2157,2240,0,101325,15,0,00:48:51,0.0,0.0,0.0,0,0,0,0,0,0
5343,2158,2241,0,101325,15,0,00:48:52,0.0,0.0,0.0,0,0,0,0,0,0
5343,2159,2242,0,101325,15,0,00:48:53,0.0,0.0,0.0,0,0,0,0,0,0
5343,2160,2243,0,101325,15,0,00:48:54,0.0,0.0,0.0,0,0,0,0,0,0
5343,2161,2244,0,101325,15,0,00:48:55,0.0,0.0,0.0,0,0,0,0,0,0
5343,2162,2245,0,101325,15,0,00:48:56,0.0,0.0,0.0,0,0,0,0,0,0
5343,2163,2246,0,101325,15,0,00:48:57,0.0,0.0,0.0,0,0,0,0,0,0
5343,2164,2247,0,101325,15,0,00:48:58,0.0,0.0,0.0,0,0,0,0,0,0
5343,2165,2249,0,101325,15,0,00:49:00,0.0,0.0,0.0,0,0,0,0,0,0
5343,2166,2250,0,101325,15,0,00:49:01,0.0,0.0,0.0,0,0,0,0,0,0
5343,2167,2251,0,101325,15,0,00:49:02,0.0,0.0,0.0,0,0,0,0,0,0
5343,2168,2252,0,101325,15,0,00:49:03,0.0,0.0,0.0,0,0,0,0,0,0
5343,2169,2253,0,101325,15,0,00:49:04,0.0,0.0,0.0,0,0,0,0,0,0
5343,2170,2254,0,101325,15,0,00:49:05,0.0,0.0,0.0,0,0,0,0,0,0
5343,2171,2255,0,101325,15,0,00:49:06,0.0,0.0,0.0,0,0,0,0,0,0
5343,2172,2256,0,101325,15,0,00:49:07,0.0,0.0,0.0,0,0,0,0,0,0
5343,2173,2257,0,101325,15,0,00:49:07,0.0,0.0,0.0,0,0,0,0,0,0
5343,2174,2258,0,101325,15,0,00:49:08,0.0,0.0,0.0,0,0,0,0,0,0
5343,2175,2259,0,101325,15,0,00:49:09,0.0,0.0,0.0,0,0,0,0,0,0
5343,2176,2260,0,101325,15,0,00:49:10,0.0,0.0,0.0,0,0,0,0,0,0
5343,2177,2261,0,101325,15,0,00:49:11,0.0,0.0,0.0,0,0,0,0,0,0
5343,2178,2262,0,101325,15,0,00:49:12,0.0,0.0,0.0,0,0,0,0,0,0
5343,2179,2263,0,101325,15,0,00:49:13,0.0,0.0,0.0,0,0,0,0,0,0
5343,2180,2264,0,101325,15,0,00:49:14,0.0,0.0,0.0,0,0,0,0,0,0
5343,2181,2265,0,101325,15,0,00:49:15,0.0,0.0,0.0,0,0,0,0,0,0
5343,2182,2266,0,101325,15,0,00:49:16,0.0,0.0,0.0,0,0,0,0,0,0
5343,2183,2267,0,101325,15,0,00:49:17,0.0,0.0,0.0,0,0,0,0,0,0
5343,2184,2268,0,101325,15,0,00:49:18,0.0,0.0,0.0,0,0,0,0,0,0
5343,2185,2269,0,101325,15,0,00:49:19,0.0,0.0,0.0,0,0,0,0,0,0
5343,2186,2270,0,101325,15,0,00:49:20,0.0,0.0,0.0,0,0,0,0,0,0
5343,2187,2271,0,101325,15,0,00:49:21,0.0,0.0,0.0,0,0,0,0,0,0
5343,2188,2272,0,101325,15,0,00:49:22,0.0,0.0,0.0,0,0,0,0,0,0
5343,2189,2273,0,101325,15,0,00:49:23,0.0,0.0,0.0,0,0,0,0,0,0
5343,2190,2274,0,101325,15,0,00:49:24,0.0,0.0,0.0,0,0,0,0,0,0
5343,2191,2275,0,101325,15,0,00:49:25,0.0,0.0,0.0,0,0,0,0,0,0
5343,2192,2276,0,101325,15,0,00:49:25,0.0,0.0,0.0,0,0,0,0,0,0
5343,2193,2278,0,101325,15,0,00:49:27,0.0,0.0,0.0,0,0,0,0,0,0
5343,2194,2279,0,101325,15,0,00:49:28,0.0,0.0,0.0,0,0,0,0,0,0
5343,2195,2280,0,101325,15,0,00:49:29,0.0,0.0,0.0,0,0,0,0,0,0
5343,2196,2281,0,101325,15,0,00:49:30,0.0,0.0,0.0,0,0,0,0,0,0
5343,2197,2282,0,101325,15,0,00:49:31,0.0,0.0,0.0,0,0,0,0,0,0
5343,2198,2283,0,101325,15,0,00:49:32,0.0,0.0,0.0,0,0,0,0,0,0
5343,2199,2284,0,101325,15,0,00:49:33,0.0,0.0,0.0,0,0,0,0,0,0
5343,2200,2285,0,101325,15,0,00:49:34,0.0,0.0,0.0,0,0,0,0,0,0
5343,2201,2286,0,101325,15,0,00:49:35,0.0,0.0,0.0,0,0,0,0,0,0
5343,2202,2287,0,101325,15,0,00:49:36,0.0,0.0,0.0,0,0,0,0,0,0
5343,2203,2288,0,101325,15,0,00:49:37,0.0,0.0,0.0,0,0,0,0,0,0
5343,2204,2289,0,101325,15,0,00:49:38,0.0,0.0,0.0,0,0,0,0,0,0
5343,2205,2290,0,101325,15,0,00:49:39,0.0,0.0,0.0,0,0,0,0,0,0
5343,2206,2291,0,101325,15,0,00:49:40,0.0,0.0,0.0,0,0,0,0,0,0
5343,2207,2292,0,101325,15,0,00:49:41,0.0,0.0,0.0,0,0,0,0,0,0
5343,2208,2293,0,101325,15,0,00:49:41,0.0,0.0,0.0,0,0,0,0,0,0
5343,2209,2294,0,101325,15,0,00:49:42,0.0,0.0,0.0,0,0,0,0,0,0
5343,2210,2295,0,101325,15,0,00:49:43,0.0,0.0,0.0,0,0,0,0,0,0
5343,2211,2296,0,101325,15,0,00:49:44,0.0,0.0,0.0,0,0,0,0,0,0
5343,2212,2297,0,101325,15,0,00:49:45,0.0,0.0,0.0,0,0,0,0,0,0
5343,2213,2298,0,101325,15,0,00:49:46,0.0,0.0,0.0,0,0,0,0,0,0
5343,2214,2299,0,101325,15,0,00:49:47,0.0,0.0,0.0,0,0,0,0,0,0
5343,2215,2300,0,101325,15,0,00:49:48,0.0,0.0,0.0,0,0,0,0,0,0
5343,2216,2301,0,101325,15,0,00:49:49,0.0,0.0,0.0,0,0,0,0,0,0
5343,2217,2302,0,101325,15,0,00:49:50,0.0,0.0,0.0,0,0,0,0,0,0
5343,2218,2303,0,101325,15,0,00:49:51,0.0,0.0,0.0,0,0,0,0,0,0
5343,2219,2304,0,101325,15,0,00:49:52,0.0,0.0,0.0,0,0,0,0,0,0
5343,2220,2305,0,101325,15,0,00:49:53,0.0,0.0,0.0,0,0,0,0,0,0
5343,2221,2306,0,101325,15,0,00:49:54,0.0,0.0,0.0,0,0,0,0,0,0
5343,2222,2308,0,101325,15,0,00:49:56,0.0,0.0,0.0,0,0,0,0,0,0
5343,2223,2309,0,101325,15,0,00:49:57,0.0,0.0,0.0,0,0,0,0,0,0
5343,2224,2310,0,101325,15,0,00:49:57,0.0,0.0,0.0,0,0,0,0,0,0
5343,2225,2311,0,101325,15,0,00:49:58,0.0,0.0,0.0,0,0,0,0,0,0
5343,2226,2312,0,101325,15,0,00:49:59,0.0,0.0,0.0,0,0,0,0,0,0
5343,2227,2313,0,101325,15,0,00:50:00,0.0,0.0,0.0,0,0,0,0,0,0
5343,2228,2314,0,101325,15,0,00:50:01,0.0,0.0,0.0,0,0,0,0,0,0
5343,2229,2315,0,101325,15,0,00:50:02,0.0,0.0,0.0,0,0,0,0,0,0
5343,2230,2316,0,101325,15,0,00:50:03,0.0,0.0,0.0,0,0,0,0,0,0
5343,2231,2317,0,101325,15,0,00:50:04,0.0,0.0,0.0,0,0,0,0,0,0
5343,2232,2318,0,101325,15,0,00:50:05,0.0,0.0,0.0,0,0,0,0,0,0
5343,2233,2319,0,101325,15,0,00:50:06,0.0,0.0,0.0,0,0,0,0,0,0
5343,2234,2320,0,101325,15,0,00:50:07,0.0,0.0,0.0,0,0,0,0,0,0
5343,2235,2321,0,101325,15,0,00:50:08,0.0,0.0,0.0,0,0,0,0,0,0
5343,2236,2322,0,101325,15,0,00:50:09,0.0,0.0,0.0,0,0,0,0,0,0
5343,2237,2323,0,101325,15,0,00:50:10,0.0,0.0,0.0,0,0,0,0,0,0
5343,2238,2324,0,101325,15,0,00:50:11,0.0,0.0,0.0,0,0,0,0,0,0
5343,2239,2325,0,101325,15,0,00:50:12,0.0,0.0,0.0,0,0,0,0,0,0
5343,2240,2326,0,101325,15,0,00:50:13,0.0,0.0,0.0,0,0,0,0,0,0
5343,2241,2327,0,101325,15,0,00:50:14,0.0,0.0,0.0,0,0,0,0,0,0
5343,2242,2328,0,101325,15,0,00:50:15,0.0,0.0,0.0,0,0,0,0,0,0
5343,2243,2329,0,101325,15,0,00:50:15,0.0,0.0,0.0,0,0,0,0,0,0
5343,2244,2330,0,101325,15,0,00:50:16,0.0,0.0,0.0,0,0,0,0,0,0
5343,2245,2331,0,101325,15,0,00:50:17,0.0,0.0,0.0,0,0,0,0,0,0
5343,2246,2332,0,101325,15,0,00:50:18,0.0,0.0,0.0,0,0,0,0,0,0
5343,2247,2333,0,101325,15,0,00:50:19,0.0,0.0,0.0,0,0,0,0,0,0
5343,2248,2334,0,101325,15,0,00:50:20,0.0,0.0,0.0,0,0,0,0,0,0
5343,2249,2335,0,101325,15,0,00:50:21,0.0,0.0,0.0,0,0,0,0,0,0
5343,2250,2337,0,101325,15,0,00:50:23,0.0,0.0,0.0,0,0,0,0,0,0
5343,2251,2338,0,101325,15,0,00:50:24,0.0,0.0,0.0,0,0,0,0,0,0
5343,2252,2339,0,101325,15,0,00:50:25,0.0,0.0,0.0,0,0,0,0,0,0
5343,2253,2340,0,101325,15,0,00:50:26,0.0,0.0,0.0,0,0,0,0,0,0
5343,2254,2341,0,101325,15,0,00:50:27,0.0,0.0,0.0,0,0,0,0,0,0
5343,2255,2342,0,101325,15,0,00:50:28,0.0,0.0,0.0,0,0,0,0,0,0
5343,2256,2343,0,101325,15,0,00:50:29,0.0,0.0,0.0,0,0,0,0,0,0
5343,2257,2344,0,101325,15,0,00:50:30,0.0,0.0,0.0,0,0,0,0,0,0
5343,2258,2345,0,101325,15,0,00:50:31,0.0,0.0,0.0,0,0,0,0,0,0
5343,2259,2346,0,101325,15,0,00:50:31,0.0,0.0,0.0,0,0,0,0,0,0
5343,2260,2347,0,101325,15,0,00:50:32,0.0,0.0,0.0,0,0,0,0,0,0
5343,2261,2348,0,101325,15,0,00:50:32,0.0,0.0,0.0,0,0,0,0,0,0
5343,2262,2349,0,101325,15,0,23:59:42,0.0,0.0,0.0,0,0,0,0,0,0
5343,2263,2350,0,101325,15,0,23:59:43,0.0,0.0,0.0,0,0,0,0,0,0
5343,2264,2351,0,101325,15,0,23:59:44,0.0,0.0,0.0,0,0,0,0,0,0
5343,2265,2352,0,101325,15,0,23:59:45,0.0,0.0,0.0,0,0,0,0,0,0
5343,2266,2353,0,101325,15,0,23:59:46,0.0,0.0,0.0,0,0,0,0,0,0
5343,2267,2354,0,101325,15,0,23:59:47,0.0,0.0,0.0,0,0,0,0,0,0
5343,2268,2355,0,101325,15,0,23:59:48,0.0,0.0,0.0,0,0,0,0,0,0
5343,2269,2356,0,101325,15,0,23:59:49,0.0,0.0,0.0,0,0,0,0,0,0
5343,2270,2357,0,101325,15,0,23:59:50,0.0,0.0,0.0,0,0,0,0,0,0
5343,2271,2358,0,101325,15,0,23:59:51,0.0,0.0,0.0,0,0,0,0,0,0
5343,2272,2359,0,101325,15,0,23:59:52,0.0,0.0,0.0,0,0,0,0,0,0
5343,2273,2360,0,101325,15,0,23:59:53,0.0,0.0,0.0,0,0,0,0,0,0
5343,2274,2361,0,101325,15,0,23:59:54,0.0,0.0,0.0,0,0,0,0,0,0
5343,2275,2362,0,101325,15,0,23:59:55,0.0,0.0,0.0,0,0,0,0,0,0
5343,2276,2363,0,101325,15,0,23:59:56,0.0,0.0,0.0,0,0,0,0,0,0
5343,2277,2364,0,101325,15,0,23:59:57,0.0,0.0,0.0,0,0,0,0,0,0
5343,2278,2365,0,101325,15,0,23:59:58,0.0,0.0,0.0,0,0,0,0,0,0
5343,2279,2367,0,101325,15,0,23:59:59,0.0,0.0,0.0,0,0,0,0,0,0
5343,2280,2368,0,101325,15,0,00:00:00,0.0,0.0,0.0,0,0,0,0,0,0
5343,2281,2369,0,101325,15,0,00:00:01,0.0,0.0,0.0,0,0,0,0,0,0
5343,2282,2370,0,101325,15,0,00:00:02,0.0,0.0,0.0,0,0,0,0,0,0
5343,2283,2371,0,101325,15,0,00:00:03,0.0,0.0,0.0,0,0,0,0,0,0
5343,2284,2372,0,101325,15,0,00:00:04,0.0,0.0,0.0,0,0,0,0,0,0
5343,2285,2373,0,101325,15,0,00:00:05,0.0,0.0,0.0,0,0,0,0,0,0
5343,2286,2374,0,101325,15,0,00:00:06,0.0,0.0,0.0,0,0,0,0,0,0
5343,2287,2375,0,101325,15,0,00:00:07,0.0,0.0,0.0,0,0,0,0,0,0
5343,2288,2376,0,101325,15,0,00:00:08,0.0,0.0,0.0,0,0,0,0,0,0
5343,2289,2377,0,101325,15,0,00:00:09,0.0,0.0,0.0,0,0,0,0,0,0
5343,2290,2378,0,101325,15,0,00:00:10,0.0,0.0,0.0,0,0,0,0,0,0
5343,2291,2379,0,101325,15,0,00:00:11,0.0,0.0,0.0,0,0,0,0,0,0
5343,2292,2380,0,101325,15,0,00:00:12,0.0,0.0,0.0,0,0,0,0,0,0
5343,2293,2381,0,101325,15,0,00:00:13,0.0,0.0,0.0,0,0,0,0,0,0
5343,2294,2382,0,101325,15,0,00:00:14,0.0,0.0,0.0,0,0,0,0,0,0
5343,2295,2383,0,101325,15,0,00:00:15,0.0,0.0,0.0,0,0,0,0,0,0
5343,2296,2384,0,101325,15,0,00:00:15,0.0,0.0,0.0,0,0,0,0,0,0
5343,2297,2385,0,101325,15,0,00:00:16,0.0,0.0,0.0,0,0,0,0,0,0
5343,2298,2386,0,101325,15,0,00:00:17,0.0,0.0,0.0,0,0,0,0,0,0
5343,2299,2387,0,101325,15,0,00:00:18,0.0,0.0,0.0,0,0,0,0,0,0
5343,2300,2388,0,101325,15,0,00:00:19,0.0,0.0,0.0,0,0,0,0,0,0
5343,2301,2389,0,101325,15,0,00:00:20,0.0,0.0,0.0,0,0,0,0,0,0
5343,2302,2390,0,101325,15,0,00:00:21,0.0,0.0,0.0,0,0,0,0,0,0
5343,2303,2391,0,101325,15,0,00:00:22,0.0,0.0,0.0,0,0,0,0,0,0
5343,2304,2392,0,101325,15,0,00:00:23,0.0,0.0,0.0,0,0,0,0,0,0
5343,2305,2393,0,101325,15,0,00:00:24,0.0,0.0,0.0,0,0,0,0,0,0
5343,2306,2394,0,101325,15,0,00:00:25,0.0,0.0,0.0,0,0,0,0,0,0
5343,2307,2396,0,101325,15,0,00:00:27,0.0,0.0,0.0,0,0,0,0,0,0
5343,2308,2397,0,101325,15,0,00:00:28,0.0,0.0,0.0,0,0,0,0,0,0
5343,2309,2398,0,101325,15,0,00:00:29,0.0,0.0,0.0,0,0,0,0,0,0
5343,2310,2399,0,101325,15,0,00:00:30,0.0,0.0,0.0,0,0,0,0,0,0
5343,2311,2400,0,101325,15,0,00:00:31,0.0,0.0,0.0,0,0,0,0,0,0
5343,2312,2401,0,101325,15,0,00:00:31,0.0,0.0,0.0,0,0,0,0,0,0
5343,2313,2402,0,101325,15,0,00:00:32,0.0,0.0,0.0,0,0,0,0,0,0
5343,2314,2403,0,101325,15,0,00:00:33,0.0,0.0,0.0,0,0,0,0,0,0
5343,2315,2404,0,101325,15,0,00:00:34,0.0,0.0,0.0,0,0,0,0,0,0
5343,2316,2405,0,101325,15,0,00:00:35,0.0,0.0,0.0,0,0,0,0,0,0
5343,2317,2406,0,101325,15,0,00:00:36,0.0,0.0,0.0,0,0,0,0,0,0
5343,2318,2407,0,101325,15,0,00:00:37,0.0,0.0,0.0,0,0,0,0,0,0
5343,2319,2408,0,101325,15,0,00:00:38,0.0,0.0,0.0,0,0,0,0,0,0
5343,2320,2409,0,101325,15,0,00:00:39,0.0,0.0,0.0,0,0,0,0,0,0
5343,2321,2410,0,101325,15,0,00:00:40,0.0,0.0,0.0,0,0,0,0,0,0
5343,2322,2411,0,101325,15,0,00:00:41,0.0,0.0,0.0,0,0,0,0,0,0
5343,2323,2412,0,101325,15,0,00:00:42,0.0,0.0,0.0,0,0,0,0,0,0
5343,2324,2413,0,101325,15,0,00:00:43,0.0,0.0,0.0,0,0,0,0,0,0
5343,2325,2414,0,101325,15,0,00:00:44,0.0,0.0,0.0,0,0,0,0,0,0
5343,2326,2415,0,101325,15,0,00:00:45,0.0,0.0,0.0,0,0,0,0,0,0
5343,2327,2416,0,101325,15,0,00:00:46,0.0,0.0,0.0,0,0,0,0,0,0
5343,2328,2417,0,101325,15,0,00:00:47,0.0,0.0,0.0,0,0,0,0,0,0
5343,2329,2418,0,101325,15,0,00:00:48,0.0,0.0,0.0,0,0,0,0,0,0
5343,2330,2419,0,101325,15,0,00:00:49,0.0,0.0,0.0,0,0,0,0,0,0
5343,2331,2420,0,101325,15,0,00:00:49,0.0,0.0,0.0,0,0,0,0,0,0
5343,2332,2421,0,101325,15,0,00:00:50,0.0,0.0,0.0,0,0,0,0,0,0
5343,2333,2422,0,101325,15,0,00:00:51,0.0,0.0,0.0,0,0,0,0,0,0
5343,2334,2423,0,101325,15,0,00:00:52,0.0,0.0,0.0,0,0,0,0,0,0
5343,2335,2424,0,101325,15,0,00:00:53,0.0,0.0,0.0,0,0,0,0,0,0
5343,2336,2426,0,101325,15,0,00:00:55,0.0,0.0,0.0,0,0,0,0,0,0
5343,2337,2427,0,101325,15,0,00:00:56,0.0,0.0,0.0,0,0,0,0,0,0
5343,2338,2428,0,101325,15,0,00:00:57,0.0,0.0,0.0,0,0,0,0,0,0
5343,2339,2429,0,101325,15,0,00:00:58,0.0,0.0,0.0,0,0,0,0,0,0
5343,2340,2430,0,101325,15,0,00:00:59,0.0,0.0,0.0,0,0,0,0,0,0
5343,2341,2431,0,101325,15,0,00:01:00,0.0,0.0,0.0,0,0,0,0,0,0
5343,2343,2433,0,101325,15,0,00:01:02,0.0,0.0,0.0,0,0,0,0,0,0
5343,2344,2434,0,101325,15,0,00:01:03,0.0,0.0,0.0,0,0,0,0,0,0
5343,2347,2437,0,101325,15,0,00:01:05,0.0,0.0,0.0,0,0,0,0,0,0
5343,2348,2438,0,101325,15,0,00:01:06,0.0,0.0,0.0,0,0,0,0,0,0
5343,2350,2440,0,101325,15,0,00:01:08,0.0,0.0,0.0,0,0,0,0,0,0
5343,2352,2442,0,101325,15,0,00:01:10,0.0,0.0,0.0,0,0,0,0,0,0
5343,2354,2444,0,101325,15,0,00:01:12,0.0,0.0,0.0,0,0,0,0,0,0
5343,2355,2445,0,101325,15,0,00:01:13,0.0,0.0,0.0,0,0,0,0,0,0
5343,2356,2446,0,101325,15,0,00:01:14,0.0,0.0,0.0,0,0,0,0,0,0
5343,2358,2448,0,101325,15,0,00:01:16,0.0,0.0,0.0,0,0,0,0,0,0
5343,2360,2450,0,101325,15,0,00:01:18,0.0,0.0,0.0,0,0,0,0,0,0
5343,2361,2451,0,101325,15,0,00:01:19,0.0,0.0,0.0,0,0,0,0,0,0
5343,2363,2453,0,101325,15,0,00:01:21,0.0,0.0,0.0,0,0,0,0,0,0
5343,2367,2458,0,101325,15,0,00:01:25,0.0,0.0,0.0,0,0,0,0,0,0
5343,2368,2459,0,101325,15,0,00:01:26,0.0,0.0,0.0,0,0,0,0,0,0
5343,2369,2460,0,101325,15,0,00:01:27,0.0,0.0,0.0,0,0,0,0,0,0
5343,2370,2461,0,101325,15,0,00:01:28,0.0,0.0,0.0,0,0,0,0,0,0
5343,2371,2462,0,101325,15,0,00:01:29,0.0,0.0,0.0,0,0,0,0,0,0
5343,2374,2465,0,101325,15,0,00:01:32,0.0,0.0,0.0,0,0,0,0,0,0
5343,2376,2467,0,101325,15,0,00:01:34,0.0,0.0,0.0,0,0,0,0,0,0
5343,2377,2468,0,101325,15,0,00:01:35,0.0,0.0,0.0,0,0,0,0,0,0
5343,2378,2469,0,101325,15,0,00:01:36,0.0,0.0,0.0,0,0,0,0,0,0
5343,2379,2470,0,101325,15,0,00:01:37,0.0,0.0,0.0,0,0,0,0,0,0
5343,2381,2472,0,101325,15,0,00:01:39,0.0,0.0,0.0,0,0,0,0,0,0
5343,2382,2473,0,101325,15,0,00:01:39,0.0,0.0,0.0,0,0,0,0,0,0
5343,2383,2474,0,101325,15,0,00:01:40,0.0,0.0,0.0,0,0,0,0,0,0
5343,2385,2476,0,101325,15,0,00:01:42,0.0,0.0,0.0,0,0,0,0,0,0
