Team ID,Mission Time,Packet Count,Altitude,Pressure,Temperature,Voltage,GPS Time,GPS Latitude,GPS Longitude,GPS Altitude,GPS Sats,Pitch,Roll,Blade Spin Rate,Flight State,Bonus Direction
5343,1,1,0.1,96969,47.8,5.6,16:12:16,0,0,0,0,0,0,0,0,154
5343,2,2,0.2,96970,47.9,5.6,16:12:17,0,0,0,0,0,0,0,0,154
5343,3,3,0.1,96969,47.8,5.6,16:12:18,0,0,0,0,0,0,0,0,154
5343,4,4,0.2,96970,47.8,5.6,16:12:19,0,0,0,0,0,0,0,0,154
5343,5,5,0.3,96971,47.8,5.6,16:12:20,0,0,0,0,0,0,0,0,154
5343,6,6,0.5,96973,47.8,5.6,16:12:21,0,0,0,0,0,0,0,0,154
5343,7,7,0.5,96973,47.8,5.6,16:12:22,0,0,0,0,0,0,0,0,154
5343,8,8,0.3,96971,47.8,5.6,16:12:23,0,0,0,0,0,0,0,0,154
5343,9,9,0.5,96973,47.9,5.5,16:12:24,0,0,0,0,0,0,0,0,154
5343,10,10,0.7,96975,48,5.6,16:12:25,0,0,0,0,0,0,0,0,154
5343,11,11,0.6,96974,48.1,5.6,16:12:26,0,0,0,0,0,0,0,0,154
5343,12,12,0.6,96974,48.2,5.6,16:12:27,0,0,0,0,0,0,0,0,154
5343,13,13,0.7,96975,48.4,5.6,16:12:28,0,0,0,0,0,0,0,0,153
5343,14,14,0.4,96972,48.6,5.6,16:12:29,0,0,0,0,0,0,0,0,153
5343,15,15,0.9,96977,48.8,5.6,16:12:30,0,0,0,0,0,0,0,0,154
5343,16,16,0.7,96975,49.1,5.6,16:12:31,0,0,0,0,0,0,0,0,154
5343,17,17,0.8,96976,49.3,5.6,16:12:32,0,0,0,0,0,0,0,0,154
5343,18,18,0.8,96976,49.6,5.6,16:12:33,0,0,0,0,0,0,0,0,154
5343,19,19,0.6,96974,49.6,5.6,16:12:33,0,0,0,0,0,0,0,0,154
5343,20,20,0.5,96973,49.9,5.6,16:12:34,0,0,0,0,0,0,0,0,154
5343,21,21,0.4,96972,50,5.6,16:12:35,0,0,0,0,0,0,0,0,154
5343,22,22,0.6,96974,50.2,5.6,16:12:36,0,0,0,0,0,0,0,0,154
5343,23,23,0.6,96974,50.4,5.6,16:12:37,0,0,0,0,0,0,0,0,154
5343,24,24,0.9,96977,50.5,5.6,16:12:38,0,0,0,0,0,0,0,0,154
5343,25,25,0.8,96976,50.6,5.6,16:12:39,0,0,0,0,0,0,0,0,154
5343,26,26,0.8,96976,50.8,5.6,16:12:40,0,0,0,0,0,0,0,0,154
5343,27,27,0.8,96976,51,5.6,16:12:41,0,0,0,0,0,0,0,0,154
5343,28,28,0.8,96977,51.1,5.6,16:12:42,0,0,0,0,0,0,0,0,154
5343,29,29,0.7,96975,51.2,5.6,16:12:43,0,0,0,0,0,0,0,0,154
5343,30,30,-1,96978,51.4,5.6,16:12:44,0,0,0,0,0,0,0,0,154
5343,31,31,0.8,96976,51.5,5.6,16:12:45,0,0,0,0,0,0,0,0,154
5343,32,32,0.6,96974,51.6,5.6,16:12:46,0,0,0,0,0,0,0,0,154
5343,33,33,0.7,96975,51.7,5.6,16:12:47,0,0,0,0,0,0,0,0,154
5343,34,34,0.9,96977,51.8,5.6,16:12:48,0,0,0,0,0,0,0,0,154
5343,35,35,0.9,96978,51.9,5.6,16:12:49,0,0,0,0,0,0,0,0,154
5343,36,36,-1.1,96979,52,5.6,16:12:50,0,0,0,0,0,0,0,0,154
5343,37,37,-1.2,96980,52.2,5.6,16:12:51,0,0,0,0,0,0,0,0,154
5343,38,38,-1,96979,52.3,5.6,16:12:52,0,0,0,0,0,0,0,0,154
5343,39,39,-1,96978,52.4,5.6,16:12:53,0,0,0,0,0,0,0,0,154
5343,40,40,0.8,96976,52.5,5.6,16:12:54,0,0,0,0,0,0,0,0,154
5343,41,41,-1,96978,52.6,5.6,16:12:55,0,0,0,0,0,0,0,0,154
5343,42,42,0.8,96976,52.7,5.6,16:12:56,0,0,0,0,0,0,0,0,154
5343,43,43,-1,96978,52.9,5.6,16:12:57,0,0,0,0,0,0,0,0,154
5343,44,44,-1,96978,53.1,5.6,16:12:58,0,0,0,0,0,0,0,0,154
5343,45,45,0.6,96974,53,5.6,16:12:59,0,0,0,0,0,0,0,0,154
5343,46,46,0.7,96975,53.2,5.6,16:13:00,0,0,0,0,0,0,0,0,153
5343,47,47,-1,96978,53.2,5.6,16:13:01,0,0,0,0,0,0,0,0,152
5343,48,48,-1,96979,53.3,5.6,16:13:02,0,0,0,0,0,0,0,0,152
5343,49,49,0.8,96976,53.4,5.6,16:13:03,0,0,0,0,0,0,0,0,152
5343,50,50,0.7,96975,53.5,5.6,16:13:04,0,0,0,0,0,0,0,0,152
5343,51,51,0.2,96969,53.6,5.6,16:13:05,0,0,0,0,0,0,0,0,152
5343,52,52,0,96968,53.8,5.6,16:13:06,0,0,0,0,0,0,0,0,152
5343,53,53,0.1,96969,53.8,5.6,16:13:07,0,0,0,0,0,0,0,0,152
5343,54,54,0.2,96969,53.9,5.6,16:13:08,0,0,0,0,0,0,0,0,152
5343,55,55,0.2,96970,54,5.6,16:13:09,0,0,0,0,0,0,0,0,152
5343,56,56,0.1,96969,54.1,5.6,16:13:10,0,0,0,0,0,0,0,0,152
5343,57,57,0.3,96971,54.1,5.6,16:13:11,0,0,0,0,0,0,0,0,152
5343,58,58,0.4,96972,54.2,5.6,16:13:12,0,0,0,0,0,0,0,0,152
5343,59,59,0.6,96974,54.4,5.6,16:13:13,0,0,0,0,0,0,0,0,152
5343,60,60,0.3,96971,54.4,5.6,16:13:14,0,0,0,0,0,0,0,0,152
5343,61,61,0.4,96972,54.5,5.6,16:13:15,0,0,0,0,0,0,0,0,152
5343,62,62,-1,96978,54.5,5.6,16:13:16,0,0,0,0,0,0,0,0,155
5343,63,63,0.8,96976,54.6,5.6,16:13:17,0,0,0,0,0,0,0,0,155
5343,64,64,0.8,96976,54.7,5.6,16:13:17,0,0,0,0,0,0,0,0,155
5343,65,65,-1,96978,54.9,5.5,16:13:19,0,0,0,0,0,0,0,0,155
5343,66,66,-1.1,96979,54.8,5.6,16:13:20,0,0,0,0,0,0,0,0,155
5343,67,67,-1,96978,54.9,5.5,16:13:21,0,0,0,0,0,0,0,0,155
5343,68,68,-1.2,96980,55,5.5,16:13:21,0,0,0,0,0,0,0,0,155
5343,69,69,-1.2,96980,55.1,5.6,16:13:22,0,0,0,0,0,0,0,0,155
5343,70,70,-1.1,96979,55.1,5.5,16:13:23,0,0,0,0,0,0,0,0,155
5343,71,71,-1.2,96980,55.2,5.6,16:13:24,0,0,0,0,0,0,0,0,155
5343,72,72,0.7,96975,55.3,5.6,16:13:25,0,0,0,0,0,0,0,0,155
5343,73,73,-1.1,96979,55.3,5.6,16:13:26,0,0,0,0,0,0,0,0,155
5343,74,74,-1,96978,55.4,5.6,16:13:27,0,0,0,0,0,0,0,0,155
5343,75,75,0.9,96977,55.5,5.5,16:13:28,0,0,0,0,0,0,0,0,155
5343,76,76,0.9,96977,55.5,5.6,16:13:29,0,0,0,0,0,0,0,0,155
5343,77,77,-1.1,96979,55.7,5.6,16:13:30,0,0,0,0,0,0,0,0,155
5343,78,78,-1,96978,55.8,5.6,16:13:31,0,0,0,0,0,0,0,0,155
5343,79,79,0.9,96977,55.8,5.6,16:13:32,0,0,0,0,0,0,0,0,155
5343,80,80,-1.1,96979,55.9,5.6,16:13:33,0,0,0,0,0,0,0,0,155
5343,81,81,0.7,96975,55.9,5.6,16:13:34,0,0,0,0,0,0,0,0,155
5343,82,82,0.8,96976,56,5.6,16:13:35,0,0,0,0,0,0,0,0,155
5343,83,83,0.8,96976,56,5.6,16:13:36,0,0,0,0,0,0,0,0,155
5343,84,84,0.8,96976,56.1,5.6,16:13:37,0,0,0,0,0,0,0,0,155
5343,85,85,0.9,96977,56.2,5.6,16:13:38,0,0,0,0,0,0,0,0,155
5343,86,86,0.9,96977,56.2,5.6,16:13:39,0,0,0,0,0,0,0,0,155
5343,87,87,-1,96979,56.3,5.6,16:13:40,0,0,0,0,0,0,0,0,155
5343,88,88,-1.1,96979,56.3,5.6,16:13:41,0,0,0,0,0,0,0,0,155
5343,89,89,-1,96978,56.4,5.6,16:13:42,0,0,0,0,0,0,0,0,155
5343,90,90,-1.4,96982,56.5,5.6,16:13:43,0,0,0,0,0,0,0,0,155
5343,91,91,-1.6,96985,56.5,5.6,16:13:44,0,0,0,0,0,0,0,0,155
5343,92,92,-1.4,96982,56.7,5.6,16:13:45,0,0,0,0,0,0,0,0,155
5343,93,93,-1.4,96982,56.7,5.6,16:13:46,0,0,0,0,0,0,0,0,155
5343,94,94,-1.4,96982,56.7,5.6,16:13:47,0,0,0,0,0,0,0,0,155
5343,95,95,-1.2,96980,56.8,5.6,16:13:48,0,0,0,0,0,0,0,0,155
5343,96,96,-1.3,96981,56.8,5.6,16:13:49,0,0,0,0,0,0,0,0,155
5343,97,97,-1.4,96982,57,5.6,16:13:50,0,0,0,0,0,0,0,0,155
5343,98,98,-1.4,96982,57,5.6,16:13:51,0,0,0,0,0,0,0,0,154
5343,99,99,-1.4,96982,57,5.6,16:13:52,0,0,0,0,0,0,0,0,153
5343,100,100,-1.3,96982,57,5.6,16:13:53,0,0,0,0,0,0,0,0,153
5343,101,101,-1.4,96982,57.1,5.6,16:13:54,0,0,0,0,0,0,0,0,153
5343,102,102,-1.6,96985,57.2,5.5,16:13:55,0,0,0,0,0,0,0,0,153
5343,103,103,-1.6,96984,57.2,5.6,16:13:56,0,0,0,0,0,0,0,0,153
5343,104,104,-1.9,96987,57.3,5.6,16:13:57,0,0,0,0,0,0,0,0,153
5343,105,105,-1.6,96985,57.2,5.6,16:13:58,0,0,0,0,0,0,0,0,153
5343,106,106,-1.5,96984,57.3,5.6,16:13:59,0,0,0,0,0,0,0,0,153
5343,107,107,-1.4,96982,57.4,5.6,16:14:00,0,0,0,0,0,0,0,0,153
5343,108,108,-1.5,96984,57.6,5.6,16:14:01,0,0,0,0,0,0,0,0,153
5343,109,109,-1.3,96981,57.5,5.6,16:14:02,0,0,0,0,0,0,0,0,153
5343,110,110,-1.4,96983,57.5,5.6,16:14:02,0,0,0,0,0,0,0,0,153
5343,111,111,-1.3,96981,57.5,5.5,16:14:03,0,0,0,0,0,0,0,0,154
5343,112,112,-1.4,96982,57.7,5.6,16:14:04,0,0,0,0,0,0,0,0,154
5343,113,113,-1,96978,57.7,5.6,16:14:05,0,0,0,0,0,0,0,0,154
5343,114,114,-1.3,96981,57.7,5.6,16:14:06,0,0,0,0,0,0,0,0,154
5343,115,115,-1.4,96982,57.8,5.6,16:14:07,0,0,0,0,0,0,0,0,154
5343,116,116,-1.5,96983,57.9,5.6,16:14:08,0,0,0,0,0,0,0,0,154
5343,117,117,-1.4,96982,57.9,5.6,16:14:09,0,0,0,0,0,0,0,0,154
5343,118,118,0.9,96977,58,5.6,16:14:10,0,0,0,0,0,0,0,0,154
5343,119,119,0.7,96975,58,5.6,16:14:11,0,0,0,0,0,0,0,0,154
5343,120,120,0.9,96977,58.1,5.5,16:14:12,0,0,0,0,0,0,0,0,154
5343,121,121,-1,96978,58,5.6,16:14:13,0,0,0,0,0,0,0,0,154
5343,122,122,-1.5,96983,58.3,5.6,16:14:14,0,0,0,0,0,0,0,0,154
5343,123,123,-1.2,96980,58.4,5.6,16:14:15,0,0,0,0,0,0,0,0,154
5343,124,124,-1.2,96980,58.3,5.5,16:14:16,0,0,0,0,0,0,0,0,154
5343,125,125,-1.5,96983,58.5,5.5,16:14:17,0,0,0,0,0,0,0,0,154
5343,126,126,-1.5,96983,58.5,5.6,16:14:18,0,0,0,0,0,0,0,0,154
5343,127,127,-1.6,96984,58.6,5.6,16:14:19,0,0,0,0,0,0,0,0,154
5343,128,128,-1.6,96985,58.6,5.6,16:14:20,0,0,0,0,0,8,0,0,154
5343,129,129,-1.7,96986,58.7,5.6,16:14:21,0,0,0,0,0,0,0,0,154
5343,130,130,-1.6,96984,58.8,5.6,16:14:22,0,0,0,0,0,0,0,0,154
5343,131,131,-1.5,96984,58.9,5.6,16:14:23,0,0,0,0,0,0,0,0,154
5343,132,132,-1.4,96982,58.9,5.6,16:14:24,0,0,0,0,0,0,0,0,154
5343,133,133,-1.5,96984,59,5.5,16:14:25,0,0,0,0,0,0,0,0,154
5343,134,134,-1.1,96979,59.1,5.6,16:14:26,0,0,0,0,0,0,0,0,154
5343,135,135,-1.1,96979,59.2,5.6,16:14:27,0,0,0,0,0,0,0,0,154
5343,136,136,-1.2,96980,59.3,5.6,16:14:28,0,0,0,0,0,0,0,0,154
5343,137,137,-1.7,96985,59.3,5.6,16:14:29,0,0,0,0,0,0,0,0,154
5343,138,138,-1.5,96983,59.4,5.6,16:14:30,0,0,0,0,0,0,0,0,154
5343,139,139,-1.3,96981,59.5,5.5,16:14:31,0,0,0,0,0,0,0,0,154
5343,140,140,0.9,96977,59.5,5.6,16:14:32,0,0,0,0,0,0,0,0,154
5343,141,141,-1.6,96984,59.5,5.6,16:14:33,0,0,0,0,0,0,0,0,154
5343,142,142,-1.6,96984,59.6,5.5,16:14:34,0,0,0,0,0,0,0,0,154
5343,143,143,-1.9,96988,59.7,5.6,16:14:35,0,0,0,0,0,0,0,0,154
5343,144,144,-2.4,96993,59.7,5.6,16:14:36,0,0,0,0,0,0,0,0,154
5343,145,145,-2.7,96995,59.8,5.6,16:14:37,0,0,0,0,0,0,0,0,154
5343,146,146,-1.7,96985,59.9,5.6,16:14:38,0,0,0,0,0,0,0,0,154
5343,147,147,-1.2,96980,59.9,5.6,16:14:39,0,0,0,0,0,0,0,0,154
5343,148,148,-1.1,96979,60,5.6,16:14:40,0,0,0,0,0,0,0,0,154
5343,149,149,-1.2,96980,59.9,5.6,16:14:41,0,0,0,0,0,0,0,0,154
5343,150,150,-1.1,96979,59.9,5.6,16:14:42,0,0,0,0,0,0,0,0,154
5343,151,151,-1.1,96979,59.9,5.5,16:14:42,0,0,0,0,0,0,0,0,154
5343,152,152,-1,96978,59.8,5.6,16:14:43,0,0,0,0,0,0,0,0,154
5343,153,153,0.7,96975,59.7,5.6,16:14:44,0,0,0,0,0,0,0,0,154
5343,154,154,-1,96978,59.6,5.6,16:14:45,0,0,0,0,0,0,0,0,154
5343,155,155,0.9,96977,59.5,5.6,16:14:46,0,0,0,0,0,0,0,0,154
5343,156,156,-1,96978,59.5,5.5,16:14:48,0,0,0,0,0,0,0,0,154
5343,157,157,-1,96978,59.4,5.6,16:14:49,0,0,0,0,0,0,0,0,154
5343,158,158,-1.1,96979,59.3,5.5,16:14:50,0,0,0,0,0,0,0,0,154
5343,159,159,-1.1,96979,59.2,5.5,16:14:51,0,0,0,0,0,0,0,0,154
5343,160,160,-1.1,96979,59.1,5.5,16:14:52,0,0,0,0,0,0,0,0,154
5343,161,161,-1.4,96983,59.1,5.5,16:14:53,0,0,0,0,0,0,0,0,154
5343,162,162,-1.5,96983,59,5.5,16:14:54,0,0,0,0,0,0,0,0,154
5343,163,163,-1.4,96982,59,5.6,16:14:54,0,0,0,0,0,0,0,0,154
5343,164,164,-1.4,96983,58.9,5.5,16:14:55,0,0,0,0,0,0,0,0,154
5343,165,165,-1.2,96980,58.8,5.6,16:14:56,0,0,0,0,0,0,0,0,154
5343,166,166,-1.3,96981,58.8,5.5,16:14:57,0,0,0,0,8,8,0,0,154
5343,167,167,-1.3,96981,58.8,5.5,16:14:58,0,0,0,0,0,0,0,0,154
5343,168,168,-1.3,96981,58.7,5.6,16:15:00,0,0,0,0,0,0,0,0,154
5343,169,169,-1.2,96981,58.7,5.5,16:15:00,0,0,0,0,0,0,0,0,154
5343,170,170,-1.5,96983,58.6,5.6,16:15:01,0,0,0,0,0,0,0,0,154
5343,171,171,-1.5,96983,58.5,5.6,16:15:02,0,0,0,0,0,0,0,0,154
5343,172,172,-1.4,96982,58.6,5.6,16:15:03,0,0,0,0,0,0,0,0,154
5343,173,173,-1.3,96982,58.5,5.5,16:15:04,0,0,0,0,0,0,0,0,154
5343,174,174,-1.3,96981,58.5,5.5,16:15:05,0,0,0,0,0,0,0,0,154
5343,175,175,-1.3,96981,58.4,5.6,16:15:06,0,0,0,0,0,0,0,0,154
5343,176,176,-1.4,96982,58.5,5.6,16:15:07,0,0,0,0,0,0,0,0,154
5343,177,177,-1.2,96980,58.4,5.6,16:15:08,0,0,0,0,0,0,0,0,154
5343,178,178,-1.5,96984,58.4,5.5,16:15:09,0,0,0,0,0,0,0,0,154
5343,179,179,-1.6,96984,58.3,5.5,16:15:10,0,0,0,0,0,0,0,0,154
5343,180,180,-1.5,96984,58.3,5.6,16:15:11,0,0,0,0,0,0,0,0,154
5343,181,181,-1.9,96987,58.3,5.5,16:15:12,0,0,0,0,0,0,0,0,154
5343,182,182,-1.9,96988,58.3,5.6,16:15:13,0,0,0,0,0,0,0,0,154
5343,183,183,-1.7,96985,58.3,5.5,16:15:14,0,0,0,0,0,0,0,0,154
5343,184,184,-1.6,96985,58.3,5.6,16:15:15,0,0,0,0,0,0,0,0,154
5343,185,185,-1.8,96987,58.3,5.6,16:15:16,0,0,0,0,0,0,0,0,154
5343,186,186,-1,96978,58.2,5.5,16:15:17,0,0,0,0,0,0,0,0,154
5343,187,187,-1.7,96985,58.4,5.6,16:15:18,0,0,0,0,0,0,0,0,154
5343,188,188,-1.5,96983,58.3,5.6,16:15:19,0,0,0,0,0,0,0,0,154
5343,189,189,-1.6,96985,58.3,5.5,16:15:20,0,0,0,0,0,0,0,0,154
5343,190,190,-1.6,96984,58.2,5.5,16:15:21,0,0,0,0,0,0,0,0,154
5343,191,191,-1.8,96987,58.3,5.5,16:15:22,0,0,0,0,0,0,0,0,154
5343,192,192,-1.6,96984,58.3,5.6,16:15:23,0,0,0,0,0,0,0,0,154
5343,193,193,-1.5,96983,58.3,5.5,16:15:24,0,0,0,0,0,0,0,0,154
5343,194,194,-1.6,96984,58.2,5.5,16:15:25,0,0,0,0,0,0,0,0,154
5343,195,195,-1.5,96983,58.3,5.5,16:15:26,0,0,0,0,0,0,0,0,154
5343,196,196,-1.5,96983,58.3,5.5,16:15:27,0,0,0,0,0,0,0,0,154
5343,197,197,-1.4,96982,58.3,5.6,16:15:28,0,0,0,0,0,0,0,0,154
5343,198,198,-1.4,96983,58.3,5.6,16:15:29,0,0,0,0,0,0,0,0,154
5343,199,199,-1.5,96984,58.3,5.5,16:15:30,0,0,0,0,0,0,0,0,154
5343,200,200,-1.7,96985,58.3,5.6,16:15:31,0,0,0,0,0,0,0,0,154
5343,201,201,-1.7,96985,58.2,5.6,16:15:32,0,0,0,0,0,0,0,0,154
5343,202,202,-1.8,96986,58.3,5.5,16:15:33,0,0,0,0,0,0,0,0,154
5343,203,203,-1.7,96986,58.2,5.5,16:15:34,0,0,0,0,0,0,0,0,154
5343,204,204,-1.9,96987,58.3,5.6,16:15:35,0,0,0,0,0,0,0,0,154
5343,205,205,-2.1,96989,58.2,5.5,16:15:36,0,0,0,0,0,0,0,0,154
5343,206,206,-2.2,96990,58.3,5.5,16:15:37,0,0,0,0,0,0,0,0,154
5343,207,207,-2.7,96996,58.2,5.6,16:15:38,0,0,0,0,0,0,0,0,154
5343,208,208,-2.8,96997,58.2,5.5,16:15:39,0,0,0,0,0,0,0,0,154
5343,209,209,-2.7,96996,58.3,5.6,16:15:40,0,0,0,0,0,0,0,0,154
5343,210,210,-2.6,96995,58.2,5.6,16:15:41,0,0,0,0,0,0,0,0,154
5343,211,211,-2.5,96994,58.3,5.5,16:15:42,0,0,0,0,0,0,0,0,154
5343,212,212,-2.5,96994,58.2,5.6,16:15:43,0,0,0,0,0,0,0,0,154
5343,213,213,-2.7,96996,58.2,5.6,16:15:44,0,0,0,0,0,0,0,0,154
5343,214,214,-2.5,96994,58.2,5.5,16:15:45,0,0,0,0,0,0,0,0,154
5343,215,215,-2.8,96997,58.2,5.5,16:15:46,0,0,0,0,0,0,0,0,154
5343,216,216,-2.5,96993,58.2,5.6,16:15:47,0,0,0,0,0,0,0,0,154
5343,217,217,-2.7,96996,58.2,5.6,16:15:48,0,0,0,0,0,0,0,0,154
5343,218,218,-2.6,96995,58.2,5.6,16:15:49,0,0,0,0,0,0,0,0,154
5343,219,219,-2.8,96997,58.2,5.5,16:15:49,0,0,0,0,0,0,0,0,154
5343,220,220,-2.7,96996,58.2,5.6,16:15:50,0,0,0,0,0,0,0,0,154
5343,221,221,-2.5,96994,58.3,5.6,16:15:51,0,0,0,0,0,0,0,0,154
5343,222,222,-2.8,96997,58.2,5.6,16:15:52,0,0,0,0,0,0,0,0,154
5343,223,223,-2.6,96995,58.2,5.5,16:15:53,0,0,0,0,0,0,0,0,154
5343,224,224,-7.4,97044,58.2,5.5,16:15:54,0,0,0,0,0,0,0,0,154
5343,225,225,-7.5,97045,58.2,5.6,16:15:55,0,0,0,0,0,0,0,0,154
5343,226,226,-7.4,97045,58.2,5.6,16:15:56,0,0,0,0,0,0,0,0,154
5343,227,227,-7.5,97046,58.2,5.5,16:15:57,0,0,0,0,0,0,0,0,154
5343,228,228,-7.5,97045,58.2,5.5,16:15:58,0,0,0,0,0,0,0,0,154
5343,229,229,-7.5,97046,58.2,5.5,16:15:59,0,0,0,0,0,0,0,0,154
5343,230,230,-7.7,97047,58.2,5.6,16:16:00,0,0,0,0,0,0,0,0,154
5343,231,231,-8.4,97054,58.3,5.6,16:16:01,0,0,0,0,0,0,0,0,154
5343,232,232,-8.2,97052,58.3,5.5,16:16:02,0,0,0,0,0,0,0,0,154
5343,233,233,-8.6,97057,58.3,5.6,16:16:03,0,0,0,0,0,0,0,0,154
5343,234,234,-8.3,97054,58.3,5.5,16:16:04,0,0,0,0,0,0,0,0,154
5343,235,235,-8.1,97052,58.3,5.6,16:16:05,0,0,0,0,0,0,0,0,154
5343,236,236,-7.2,97042,58.4,5.5,16:16:06,0,0,0,0,0,0,0,0,154
5343,237,237,-1,96978,58.4,5.5,16:16:07,0,0,0,0,0,0,0,0,154
5343,238,238,-5.3,97023,58.4,5.6,16:16:08,0,0,0,0,0,0,0,0,154
5343,239,239,-3.3,97002,58.4,5.5,16:16:09,0,0,0,0,0,0,0,0,154
5343,240,240,-8.9,97060,58.5,5.6,16:16:10,0,0,0,0,0,0,0,0,154
5343,241,241,-7.6,97046,58.5,5.5,16:16:11,0,0,0,0,0,0,0,0,154
5343,242,242,-8.4,97055,58.4,5.6,16:16:12,0,0,0,0,0,0,0,0,154
5343,243,243,-5.8,97028,58.5,5.6,16:16:13,0,0,0,0,0,0,0,0,154
5343,244,244,-2.9,96998,58.5,5.5,16:16:14,0,0,0,0,0,0,0,0,154
5343,245,245,-2.6,96994,58.6,5.5,16:16:15,0,0,0,0,0,0,0,0,154
5343,246,246,-2.3,96992,58.5,5.5,16:16:16,0,0,0,0,0,0,0,0,154
5343,247,247,-2.5,96993,58.6,5.6,16:16:17,0,0,0,0,0,0,0,0,154
5343,248,248,-2.7,96996,58.6,5.6,16:16:18,0,0,0,0,0,0,0,0,154
5343,249,249,-2.8,96997,58.7,5.5,16:16:19,0,0,0,0,0,0,0,0,154
5343,250,250,-2.8,96996,58.7,5.6,16:16:20,0,0,0,0,0,0,0,0,154
5343,251,251,-2.7,96995,58.8,5.6,16:16:21,0,0,0,0,0,0,0,0,154
5343,252,252,-2.8,96997,58.9,5.6,16:16:22,0,0,0,0,0,0,0,0,154
5343,253,253,-2.9,96997,58.9,5.5,16:16:23,0,0,0,0,0,0,0,0,154
5343,254,254,-2.8,96996,59,5.5,16:16:24,0,0,0,0,0,0,0,0,154
5343,255,255,-2.7,96996,58.9,5.5,16:16:25,0,0,0,0,0,0,0,0,154
5343,256,256,-2.7,96996,59,5.6,16:16:26,0,0,0,0,0,0,0,0,154
5343,257,257,-2.6,96995,59.1,5.6,16:16:27,0,0,0,0,0,0,0,0,154
5343,258,258,-2.6,96995,59.1,5.5,16:16:28,0,0,0,0,0,0,0,0,154
5343,259,259,-2.8,96996,59.1,5.6,16:16:29,0,0,0,0,0,0,0,0,154
5343,260,260,-2.7,96995,59.2,5.6,16:16:30,0,0,0,0,0,0,0,0,154
5343,261,261,-2.7,96995,59.2,5.6,16:16:31,0,0,0,0,0,0,0,0,154
5343,262,262,-2.6,96995,59.3,5.5,16:16:32,0,0,0,0,0,0,0,0,154
5343,263,263,-2.5,96994,59.2,5.6,16:16:33,0,0,0,0,0,0,0,0,154
5343,264,264,-2.4,96993,59.2,5.5,16:16:34,0,0,0,0,0,0,0,0,154
5343,265,265,-1.4,96982,59.2,5.5,16:16:35,0,0,0,0,0,0,0,0,154
5343,266,266,-1.1,96980,59.2,5.5,16:16:36,0,0,0,0,0,0,0,0,154
5343,267,267,-2,96989,59.2,5.6,16:16:37,0,0,0,0,0,0,0,0,154
5343,268,268,-2.2,96991,59.2,5.5,16:16:38,0,0,0,0,0,0,0,0,154
5343,269,269,-2.2,96991,59.2,5.6,16:16:39,0,0,0,0,0,0,0,0,154
5343,270,270,-2.2,96990,59.2,5.5,16:16:40,0,0,0,0,0,0,0,0,154
5343,271,271,-2.4,96992,59.2,5.5,16:16:41,0,0,0,0,0,0,0,0,154
5343,272,272,-2.1,96989,59.2,5.5,16:16:42,0,0,0,0,0,0,0,0,154
5343,273,273,-2.3,96992,59.3,5.6,16:16:43,0,0,0,0,0,0,0,0,154
5343,274,274,-2.4,96993,59.3,5.5,16:16:44,0,0,0,0,0,0,0,0,154
5343,275,275,-2.4,96993,59.3,5.6,16:16:45,0,0,0,0,0,0,0,0,154
5343,276,276,-2.5,96994,59.3,5.6,16:16:46,0,0,0,0,0,0,0,0,154
5343,277,277,-2.7,96995,59.3,5.6,16:16:46,0,0,0,0,0,0,0,0,154
5343,278,278,-2.8,96997,59.3,5.6,16:16:47,0,0,0,0,0,0,0,0,154
5343,279,279,-2.9,96998,59.3,5.5,16:16:48,0,0,0,0,0,0,0,0,154
5343,280,280,-3.1,97000,59.4,5.5,16:16:49,0,0,0,0,0,0,0,0,154
5343,281,281,-3,96999,59.4,5.6,16:16:50,0,0,0,0,0,0,0,0,154
5343,282,282,-3.2,97001,59.4,5.5,16:16:51,0,0,0,0,0,0,0,0,154
5343,283,283,-3.2,97000,59.4,5.5,16:16:52,0,0,0,0,0,0,0,0,154
5343,284,284,-3.4,97003,59.5,5.5,16:16:53,0,0,0,0,0,0,0,0,154
5343,285,285,-2.9,96998,59.5,5.5,16:16:54,0,0,0,0,0,0,0,0,154
5343,286,286,-2.5,96994,59.5,5.5,16:16:55,0,0,0,0,0,0,0,0,154
5343,287,287,-2.5,96993,59.5,5.5,16:16:56,0,0,0,0,0,0,0,0,154
5343,288,288,-2.4,96992,59.6,5.5,16:16:57,0,0,0,0,0,0,0,0,154
5343,289,289,-2.2,96991,59.4,5.6,16:16:58,0,0,0,0,0,0,0,0,154
5343,290,290,-2.4,96993,59.6,5.5,16:16:59,0,0,0,0,0,0,0,0,154
5343,291,291,-2.4,96993,59.6,5.6,16:17:00,0,0,0,0,0,0,0,0,154
5343,292,292,-2.6,96995,59.6,5.5,16:17:01,0,0,0,0,0,0,0,0,154
5343,293,293,-2.6,96994,59.6,5.5,16:17:02,0,0,0,0,0,0,0,0,154
5343,294,294,-2.7,96995,59.6,5.5,16:17:03,0,0,0,0,0,0,0,0,154
5343,295,295,-2.6,96994,59.7,5.5,16:17:04,0,0,0,0,0,0,0,0,154
5343,296,296,-2.5,96994,59.6,5.5,16:17:05,0,0,0,0,0,0,0,0,154
5343,297,297,-2.7,96996,59.7,5.6,16:17:06,0,0,0,0,0,0,0,0,154
5343,298,298,-2.6,96994,59.7,5.5,16:17:07,0,0,0,0,0,0,0,0,154
5343,299,299,-2.5,96993,59.7,5.5,16:17:08,0,0,0,0,0,0,0,0,154
5343,300,300,-2.6,96995,59.6,5.6,16:17:09,0,0,0,0,0,0,0,0,154
5343,301,301,-2.2,96991,59.7,5.6,16:17:10,0,0,0,0,0,0,0,0,154
5343,302,302,-2.4,96992,59.7,5.5,16:17:11,0,0,0,0,0,0,0,0,154
5343,303,303,-2.3,96992,59.8,5.5,16:17:12,0,0,0,0,0,0,0,0,154
5343,304,304,-2.4,96992,59.8,5.5,16:17:13,0,0,0,0,0,0,0,0,154
5343,305,305,-2.2,96991,59.8,5.5,16:17:14,0,0,0,0,0,0,0,0,154
5343,306,306,-2.2,96991,59.8,5.5,16:17:15,0,0,0,0,0,0,0,0,154
5343,307,307,-2.5,96993,59.8,5.5,16:17:16,0,0,0,0,0,0,0,0,154
5343,308,308,-2.9,96997,59.8,5.6,16:17:17,0,0,0,0,0,0,0,0,154
5343,309,309,-2.5,96994,59.7,5.5,16:17:18,0,0,0,0,0,0,0,0,154
5343,310,310,-2.6,96994,59.8,5.5,16:17:19,0,0,0,0,0,0,0,0,154
5343,311,311,-4.2,97011,59.8,5.5,16:17:20,0,0,0,0,0,0,0,0,154
5343,312,312,-2.5,96993,59.9,5.5,16:17:21,0,0,0,0,0,0,0,0,154
5343,313,313,-2.1,96989,59.9,5.5,16:17:22,0,0,0,0,0,0,0,0,154
5343,314,314,-2.8,96996,60,5.6,16:17:23,0,0,0,0,0,0,0,0,154
5343,315,315,-2.7,96995,59.9,5.5,16:17:24,0,0,0,0,0,0,0,0,154
5343,316,316,-2.3,96991,59.9,5.5,16:17:25,0,0,0,0,0,0,0,0,154
5343,317,317,-3,96998,60,5.5,16:17:26,0,0,0,0,0,0,0,0,154
5343,318,318,-2.7,96996,59.9,5.6,16:17:27,0,0,0,0,0,0,0,0,154
5343,319,319,-2.7,96996,60,5.5,16:17:28,0,0,0,0,0,0,0,0,154
5343,320,320,-2.6,96995,60,5.5,16:17:29,0,0,0,0,0,0,0,0,154
5343,321,321,-3.7,97006,60,5.6,16:17:30,0,0,0,0,0,0,0,0,154
5343,322,322,-2.5,96993,60,5.6,16:17:31,0,0,0,0,0,0,0,0,154
5343,323,323,-3.6,97005,60.1,5.5,16:17:32,0,0,0,0,0,0,0,0,154
5343,324,324,-3.7,97006,60,5.5,16:17:33,0,0,0,0,0,0,0,0,154
5343,325,325,-4.3,97012,60.1,5.5,16:17:34,0,0,0,0,0,0,0,0,154
5343,326,326,-4.1,97011,60.1,5.5,16:17:35,0,0,0,0,0,0,0,0,154
5343,327,327,-4.2,97012,60.1,5.5,16:17:36,0,0,0,0,0,0,0,0,154
5343,328,328,-4.2,97011,60.1,5.5,16:17:37,0,0,0,0,0,0,0,0,154
5343,329,329,-4.3,97013,60.1,5.5,16:17:38,0,0,0,0,0,0,0,0,154
5343,330,330,-4.6,97016,60.2,5.5,16:17:39,0,0,0,0,0,0,0,0,154
5343,331,331,-4.5,97015,60.2,5.5,16:17:40,0,0,0,0,0,0,0,0,154
5343,332,332,-4.4,97013,60.2,5.5,16:17:41,0,0,0,0,0,0,0,0,154
5343,333,333,-4.5,97014,60.3,5.6,16:17:42,0,0,0,0,0,0,0,0,154
5343,334,334,-4.4,97014,60.3,5.6,16:17:43,0,0,0,0,0,0,0,0,154
5343,335,335,-4.5,97015,60.3,5.5,16:17:44,0,0,0,0,0,0,0,0,154
5343,336,336,-4.6,97015,60.4,5.5,16:17:45,0,0,0,0,0,0,0,0,154
5343,337,337,-4.7,97016,60.4,5.5,16:17:46,0,0,0,0,0,0,0,0,154
5343,338,338,-4.6,97015,60.4,5.5,16:17:47,0,0,0,0,0,0,0,0,154
5343,339,339,-4.5,97014,60.5,5.5,16:17:47,0,0,0,0,0,0,0,0,154
5343,340,340,-4.3,97012,60.5,5.5,16:17:48,0,0,0,0,0,0,0,0,154
5343,341,341,-4.5,97014,60.5,5.5,16:17:49,0,0,0,0,0,0,0,0,154
5343,342,342,-4.3,97013,60.5,5.5,16:17:50,0,0,0,0,0,0,0,0,154
5343,343,343,-4.5,97014,60.6,5.5,16:17:51,0,0,0,0,0,0,0,0,154
5343,344,344,-4.5,97014,60.6,5.5,16:17:52,0,0,0,0,0,0,0,0,154
5343,345,345,-4.4,97014,60.6,5.6,16:17:53,0,0,0,0,0,0,0,0,154
5343,346,346,-4.4,97014,60.6,5.5,16:17:54,0,0,0,0,0,0,0,0,154
5343,347,347,-4.1,97010,60.6,5.5,16:17:55,0,0,0,0,0,0,0,0,154
5343,348,348,-4,97009,60.6,5.5,16:17:56,0,0,0,0,0,0,0,0,154
5343,349,349,-4.3,97012,60.7,5.5,16:17:57,0,0,0,0,0,0,0,0,154
5343,350,350,-4.5,97014,60.6,5.5,16:17:58,0,0,0,0,0,0,0,0,154
5343,351,351,-4.3,97012,60.6,5.6,16:17:59,0,0,0,0,0,0,0,0,154
5343,352,352,-4.5,97015,60.6,5.5,16:18:00,0,0,0,0,0,0,0,0,154
5343,353,353,-4.7,97016,60.6,5.5,16:18:01,0,0,0,0,0,0,0,0,154
5343,354,354,-4.5,97015,60.7,5.5,16:18:02,0,0,0,0,0,0,0,0,154
5343,355,355,-4.3,97012,60.7,5.5,16:18:03,0,0,0,0,0,0,0,0,154
5343,356,356,-4.3,97012,60.7,5.5,16:18:04,0,0,0,0,0,0,0,0,154
5343,357,357,-4.3,97012,60.7,5.5,16:18:05,0,0,0,0,0,0,0,0,154
5343,358,358,-4.3,97013,60.7,5.5,16:18:06,0,0,0,0,0,0,0,0,154
5343,359,359,-4.3,97012,60.8,5.6,16:18:07,0,0,0,0,0,0,0,0,154
5343,360,360,-4.1,97010,60.8,5.5,16:18:08,0,0,0,0,0,0,0,0,154
5343,361,361,-4.5,97014,60.8,5.5,16:18:09,0,0,0,0,0,0,0,0,154
5343,362,362,-4.4,97014,60.8,5.6,16:18:10,0,0,0,0,0,0,0,0,154
5343,363,363,-4.1,97010,60.8,5.6,16:18:11,0,0,0,0,0,0,0,0,154
5343,364,364,-4.5,97014,60.8,5.5,16:18:12,0,0,0,0,0,0,0,0,154
5343,365,365,-4.4,97013,60.8,5.5,16:18:13,0,0,0,0,0,0,0,0,154
5343,366,366,-4.4,97014,60.8,5.5,16:18:14,0,0,0,0,0,0,0,0,154
5343,367,367,-4.5,97014,60.9,5.5,16:18:15,0,0,0,0,0,0,0,0,154
5343,368,368,-4.4,97013,60.9,5.5,16:18:16,0,0,0,0,0,0,0,0,154
5343,369,369,-4.3,97012,60.8,5.5,16:18:17,0,0,0,0,0,0,0,0,154
5343,370,370,-4.4,97013,60.8,5.5,16:18:18,0,0,0,0,0,0,0,0,154
5343,371,371,-4.2,97011,60.9,5.5,16:18:19,0,0,0,0,0,0,0,0,154
5343,372,372,-2.3,96991,60.9,5.5,16:18:20,0,0,0,0,0,0,0,0,154
5343,373,373,-1.6,96984,60.9,5.5,16:18:21,0,0,0,0,0,0,0,0,154
5343,374,374,-1.6,96984,60.9,5.5,16:18:22,0,0,0,0,0,0,0,0,154
5343,375,375,-1.8,96986,60.9,5.6,16:18:23,0,0,0,0,0,0,0,0,154
5343,376,376,-1.6,96984,61,5.5,16:18:24,0,0,0,0,0,0,0,0,154
5343,377,377,-1.8,96987,61,5.5,16:18:25,0,0,0,0,0,0,0,0,154
5343,378,378,-1.5,96984,61,5.5,16:18:26,0,0,0,0,0,0,0,0,154
5343,379,379,-1.7,96986,61,5.5,16:18:27,0,0,0,0,0,0,0,0,154
5343,380,380,-1.6,96984,60.9,5.5,16:18:28,0,0,0,0,0,0,0,0,154
5343,381,381,-1.6,96984,61,5.5,16:18:29,0,0,0,0,0,0,0,0,154
5343,382,382,-1.7,96985,60.9,5.5,16:18:30,0,0,0,0,0,0,0,0,154
5343,383,383,-1.3,96982,61,5.5,16:18:31,0,0,0,0,0,0,0,0,154
5343,384,384,-1.5,96983,61,5.5,16:18:32,0,0,0,0,0,0,0,0,154
5343,385,385,-1.4,96983,61,5.5,16:18:33,0,0,0,0,0,0,0,0,154
5343,386,386,-1.6,96985,60.9,5.5,16:18:34,0,0,0,0,0,0,0,0,154
5343,387,387,-1.5,96983,60.9,5.5,16:18:35,0,0,0,0,0,0,0,0,154
5343,388,388,-1.4,96983,60.9,5.5,16:18:36,0,0,0,0,0,0,0,0,154
5343,389,389,-1.5,96983,61,5.5,16:18:37,0,0,0,0,0,0,0,0,154
5343,390,390,-1.5,96983,61,5.5,16:18:38,0,0,0,0,0,0,0,0,154
5343,391,391,-1.5,96983,61,5.5,16:18:39,0,0,0,0,0,0,0,0,154
5343,392,392,-1.4,96982,61,5.5,16:18:40,0,0,0,0,0,0,0,0,154
5343,393,393,-1.3,96981,60.9,5.5,16:18:41,0,0,0,0,0,0,0,0,154
5343,394,394,-1.7,96985,61,5.5,16:18:42,0,0,0,0,0,0,0,0,154
5343,395,395,-1.7,96986,61,5.6,16:18:43,0,0,0,0,0,0,0,0,154
5343,396,396,-1.7,96985,61,5.5,16:18:44,0,0,0,0,0,0,0,0,154
5343,397,397,-1.6,96984,61,5.5,16:18:45,0,0,0,0,0,0,0,0,154
5343,398,398,-1.6,96984,61,5.5,16:18:46,0,0,0,0,0,0,0,0,154
5343,399,399,-1.7,96985,61,5.5,16:18:47,0,0,0,0,0,0,0,0,154
5343,400,400,-1.8,96986,61,5.6,16:18:48,0,0,0,0,0,0,0,0,154
5343,401,401,-1.8,96986,61,5.5,16:18:49,0,0,0,0,0,0,0,0,154
5343,402,402,-1.8,96986,61,5.5,16:18:50,0,0,0,0,0,0,0,0,154
5343,403,403,-1.7,96985,61,5.5,16:18:51,0,0,0,0,0,0,0,0,154
5343,404,404,-1.6,96984,61,5.5,16:18:52,0,0,0,0,0,0,0,0,154
5343,405,405,-1.7,96985,61,5.5,16:18:53,0,0,0,0,0,0,0,0,154
5343,406,406,-1.5,96983,60.9,5.5,16:18:54,0,0,0,0,0,0,0,0,154
5343,407,407,-1.5,96984,61,5.6,16:18:55,0,0,0,0,0,0,0,0,154
5343,408,408,-1.6,96984,61,5.5,16:18:55,0,0,0,0,0,0,0,0,154
5343,409,409,-1.6,96984,61,5.5,16:18:56,0,0,0,0,0,0,0,0,154
5343,410,410,-1.5,96984,61,5.5,16:18:57,0,0,0,0,0,0,0,0,154
5343,411,411,-1.7,96985,61,5.5,16:18:58,0,0,0,0,0,0,0,0,154
5343,412,412,-1.9,96987,61,5.5,16:18:59,0,0,0,0,0,0,0,0,154
5343,413,413,-1.9,96987,61,5.5,16:19:00,0,0,0,0,0,0,0,0,154
5343,414,414,-1.7,96986,61,5.5,16:19:01,0,0,0,0,0,0,0,0,154
5343,415,415,-1.8,96986,61,5.5,16:19:02,0,0,0,0,0,0,0,0,154
5343,416,416,-1.9,96987,61,5.5,16:19:03,0,0,0,0,0,0,0,0,154
5343,417,417,-1.8,96987,61,5.5,16:19:04,0,0,0,0,0,0,0,0,154
5343,418,418,-1.8,96986,61,5.5,16:19:05,0,0,0,0,0,0,0,0,154
5343,419,419,-1.6,96985,61.1,5.5,16:19:06,0,0,0,0,0,0,0,0,154
5343,420,420,-1.8,96987,61,5.5,16:19:07,0,0,0,0,0,0,0,0,154
5343,421,421,-1.6,96984,61,5.5,16:19:08,0,0,0,0,0,0,0,0,154
5343,422,422,-1.6,96984,61,5.5,16:19:09,0,0,0,0,0,0,0,0,154
5343,423,423,-1.6,96985,61,5.5,16:19:10,0,0,0,0,0,0,0,0,154
5343,424,424,-1.4,96983,61,5.5,16:19:11,0,0,0,0,0,0,0,0,154
5343,425,425,-1.5,96983,61,5.5,16:19:12,0,0,0,0,0,0,0,0,154
5343,426,426,-1.5,96983,61,5.5,16:19:13,0,0,0,0,0,0,0,0,154
5343,427,427,-1.4,96982,61,5.5,16:19:14,0,0,0,0,0,0,0,0,154
5343,428,428,-1.4,96982,61.3,5.5,16:19:15,0,0,0,0,0,0,0,0,154
5343,429,429,-1.8,96986,61.1,5.6,16:19:16,0,0,0,0,0,0,0,0,154
5343,430,430,-1.3,96981,61.1,5.5,16:19:17,0,0,0,0,0,0,0,0,154
5343,431,431,-1,96978,61.1,5.5,16:19:18,0,0,0,0,0,0,0,0,154
5343,432,432,-1.1,96979,61,5.5,16:19:19,0,0,0,0,0,0,0,0,154
5343,433,433,0.9,96977,61.1,5.5,16:19:20,0,0,0,0,0,0,0,0,154
5343,434,434,-1.2,96980,61.1,5.5,16:19:21,0,0,0,0,0,0,0,0,154
5343,435,435,-1.6,96984,61.1,5.5,16:19:22,0,0,0,0,0,0,0,0,154
5343,436,436,-1.5,96983,61.2,5.5,16:19:23,0,0,0,0,0,0,0,0,154
5343,437,437,-1.6,96985,61.1,5.5,16:19:24,0,0,0,0,0,0,0,0,154
5343,438,438,-1.7,96985,61.1,5.5,16:19:25,0,0,0,0,0,0,0,0,154
5343,439,439,-1.6,96984,61.2,5.5,16:19:26,0,0,0,0,0,0,0,0,154
5343,440,440,-1.7,96985,61.1,5.5,16:19:27,0,0,0,0,0,0,0,0,154
5343,441,441,-1.7,96985,61.2,5.5,16:19:28,0,0,0,0,0,0,0,0,154
5343,442,442,-1.8,96986,61.1,5.5,16:19:29,0,0,0,0,0,0,0,0,154
5343,443,443,-1.9,96987,61.2,5.5,16:19:30,0,0,0,3,0,0,0,0,154
5343,444,444,-2,96989,61.2,5.5,16:19:31,0,0,0,3,0,0,0,0,154
5343,445,445,-2.1,96989,61.2,5.5,16:19:31,0,0,0,3,0,0,0,0,154
5343,446,446,-1.9,96988,61.3,5.5,16:19:33,0,0,0,3,0,0,0,0,154
5343,447,447,-1.8,96987,61.2,5.5,16:19:34,0,0,0,3,0,0,0,0,154
5343,448,448,-1.7,96986,61.2,5.5,16:19:35,0,0,0,3,0,0,0,0,154
5343,449,449,-1.5,96983,61.1,5.5,16:19:36,0,0,0,3,0,0,0,0,154
5343,450,450,-1.5,96984,61.2,5.5,16:19:36,0,0,0,3,0,0,0,0,154
5343,451,451,-1.4,96982,61.2,5.5,16:19:38,0,0,0,3,0,0,0,0,154
5343,452,452,-1.4,96982,61.2,5.5,16:19:39,0,0,0,3,0,0,0,0,154
5343,453,453,-1.7,96985,61.2,5.5,16:19:40,0,0,0,3,0,0,0,0,154
5343,454,454,-1.7,96985,61.2,5.5,16:19:41,0,0,0,3,0,0,0,0,154
5343,455,455,-1.5,96983,61.3,5.5,16:19:42,0,0,0,3,0,0,0,0,154
5343,456,456,-1.6,96985,61.3,5.5,16:19:42,0,0,0,3,0,0,0,0,154
5343,457,457,-1.6,96985,61.3,5.5,16:19:44,0,0,0,3,0,0,0,0,154
5343,458,458,-1.8,96987,61.3,5.5,16:19:45,0,0,0,3,0,0,0,0,154
5343,459,459,-1.7,96985,61.3,5.5,16:19:46,0,0,0,3,0,0,0,0,154
5343,460,460,-1.8,96986,61.6,5.5,16:19:47,0,0,0,3,0,0,0,0,154
5343,461,461,-1.7,96986,61.3,5.5,16:19:48,0,0,0,3,0,0,0,0,154
5343,462,462,-1.8,96987,61.3,5.5,16:19:48,0,0,0,3,0,0,0,0,154
5343,463,463,-1.6,96985,61.3,5.5,16:19:50,0,0,0,3,0,0,0,0,154
5343,464,464,-1.2,96980,61.4,5.5,16:19:51,0,0,0,3,0,0,0,0,154
5343,465,465,-1.2,96980,61.3,5.5,16:19:52,0,0,0,3,0,0,0,0,154
5343,466,466,-1.3,96981,61.3,5.5,16:19:53,0,0,0,3,0,0,0,0,154
5343,467,467,-1.3,96981,61.4,5.5,16:19:54,0,0,0,3,0,0,0,0,154
5343,468,468,-1.2,96980,61.4,5.5,16:19:54,0,0,0,3,0,0,0,0,154
5343,469,469,-1.3,96981,61.4,5.5,16:19:56,0,0,0,3,0,0,0,0,154
5343,470,470,-1.4,96982,61.4,5.5,16:19:57,0,0,0,3,0,0,0,0,154
5343,471,471,-1.3,96982,61.4,5.5,16:19:58,0,0,0,3,0,0,0,0,154
5343,472,472,-1.1,96980,61.4,5.5,16:19:59,0,0,0,3,0,0,0,0,154
5343,473,473,-1,96978,61.5,5.5,16:20:00,0,0,0,3,0,0,0,0,154
5343,474,474,-1.4,96982,61.4,5.5,16:20:00,0,0,0,3,0,0,0,0,154
5343,475,475,-1.6,96984,61.4,5.5,16:20:02,0,0,0,3,0,0,0,0,154
5343,476,476,-1.7,96985,61.5,5.5,16:20:03,0,0,0,3,0,0,0,0,154
5343,477,477,-1.1,96979,61.5,5.5,16:20:04,0,0,0,3,0,0,0,0,154
5343,478,478,-1.3,96981,61.4,5.5,16:20:04,0,0,0,3,0,0,0,0,154
5343,479,479,-1.6,96984,61.4,5.5,16:20:05,0,0,0,3,0,0,0,0,154
5343,480,480,-1.3,96981,61.5,5.5,16:20:06,0,0,0,3,0,0,0,0,154
5343,481,481,-1.3,96981,61.4,5.5,16:20:06,0,0,0,3,0,0,0,0,154
5343,482,482,-1.4,96983,61.5,5.5,16:20:08,0,0,0,3,0,0,0,0,154
5343,483,483,-1.5,96983,61.5,5.5,16:20:09,0,0,0,3,0,0,0,0,154
5343,484,484,-1.3,96981,61.5,5.5,16:20:10,0,0,0,3,0,0,0,0,154
5343,485,485,-1.6,96984,61.5,5.5,16:20:11,0,0,0,3,0,0,0,0,154
5343,486,486,-2,96988,61.5,5.5,16:20:12,0,0,0,3,0,0,0,0,154
5343,487,487,-2,96988,61.6,5.5,16:20:12,0,0,0,3,0,0,0,0,154
5343,488,488,-2,96988,61.5,5.5,16:20:14,0,0,0,3,0,0,0,0,154
5343,489,489,-2,96989,61.5,5.5,16:20:15,0,0,0,3,0,0,0,0,154
5343,490,490,-1.9,96987,61.5,5.5,16:20:16,0,0,0,3,0,0,0,0,154
5343,491,491,-2,96988,61.5,5.5,16:20:17,0,0,0,3,0,0,0,0,154
5343,492,492,-1.9,96987,61.6,5.5,16:20:18,0,0,0,3,0,0,0,0,154
5343,493,493,-1.9,96987,61.5,5.5,16:20:18,0,0,0,3,0,0,0,0,154
5343,494,494,-1.5,96983,61.6,5.5,16:20:20,0,0,0,3,0,0,0,0,154
5343,495,495,-1.3,96982,61.6,5.5,16:20:21,0,0,0,3,0,0,0,0,154
5343,496,496,-1.7,96985,61.6,5.5,16:20:22,0,0,0,3,0,0,0,0,154
5343,497,497,-1.6,96984,61.7,5.5,16:20:23,0,0,0,3,0,0,0,0,154
5343,498,498,-1.5,96984,61.6,5.5,16:20:24,0,0,0,3,0,0,0,0,154
5343,499,499,-1.5,96983,61.6,5.5,16:20:24,0,0,0,3,0,0,0,0,154
5343,500,500,-1.4,96983,61.7,5.5,16:20:26,0,0,0,3,0,0,0,0,154
5343,501,501,-1.6,96984,61.7,5.5,16:20:27,0,0,0,3,0,0,0,0,154
5343,502,502,-1.7,96985,61.6,5.5,16:20:28,0,0,0,3,0,0,0,0,154
5343,503,503,-1.4,96982,61.6,5.5,16:20:29,0,0,0,3,0,0,0,0,154
5343,504,504,-1.5,96983,61.7,4.7,16:20:30,0,0,0,3,0,0,0,0,154
5343,505,505,-1.9,96987,61.7,5.5,16:20:30,0,0,0,3,0,0,0,0,154
5343,506,506,-2.1,96989,61.7,5.5,16:20:32,0,0,0,3,0,0,0,0,154
5343,507,507,-1.8,96987,61.7,5.5,16:20:33,0,0,0,3,0,0,0,0,154
5343,508,508,-1.8,96987,61.7,5.5,16:20:34,0,0,0,3,0,0,0,0,154
5343,509,509,-2,96988,61.7,5.5,16:20:35,0,0,0,3,0,0,0,0,154
5343,510,510,-2.2,96991,61.7,5.5,16:20:36,0,0,0,3,0,0,0,0,154
5343,511,511,-1.9,96988,61.8,5.5,16:20:36,0,0,0,3,0,0,0,0,154
5343,512,512,-2.1,96990,61.7,5.5,16:20:38,0,0,0,3,0,0,0,0,154
5343,513,513,-2.2,96990,61.7,5.5,16:20:39,0,0,0,3,0,0,0,0,154
5343,514,514,-1.9,96988,61.7,5.5,16:20:40,0,0,0,3,0,0,0,0,154
5343,515,515,-2,96988,61.7,5.5,16:20:41,0,0,0,3,0,0,0,0,154
5343,516,516,-2.1,96989,61.8,5.5,16:20:42,0,0,0,3,0,0,0,0,154
5343,517,517,-1.9,96988,61.8,5.5,16:20:42,0,0,0,3,0,0,0,0,154
5343,518,518,-1.9,96988,61.7,5.5,16:20:44,0,0,0,3,0,0,0,0,154
5343,519,519,-2,96988,61.8,5.5,16:20:45,0,0,0,3,0,0,0,0,154
5343,520,520,-2.1,96989,61.8,5.5,16:20:46,0,0,0,3,0,0,0,0,154
5343,521,521,-2.1,96990,61.8,5.5,16:20:47,0,0,0,3,0,0,0,0,154
5343,522,522,-2,96988,61.8,5.5,16:20:48,0,0,0,3,0,0,0,0,154
5343,523,523,-1.9,96988,61.8,5.5,16:20:48,0,0,0,3,0,0,0,0,154
5343,524,524,-1.9,96987,61.8,5.5,16:20:50,0,0,0,3,0,0,0,0,154
5343,525,525,-1.9,96988,61.8,5.5,16:20:51,0,0,0,3,0,0,0,0,154
5343,526,526,-2,96988,61.8,5.5,16:20:52,0,0,0,3,0,0,0,0,154
5343,527,527,-2,96989,61.8,5.5,16:20:53,0,0,0,3,0,0,0,0,154
5343,528,528,-1.9,96987,61.8,5.5,16:20:54,0,0,0,3,0,0,0,0,154
5343,529,529,-1.9,96987,61.8,5.5,16:20:54,0,0,0,3,0,0,0,0,154
5343,530,530,-1.7,96985,61.8,5.5,16:20:56,0,0,0,3,0,0,0,0,154
5343,531,531,-2,96989,61.8,5.5,16:20:57,0,0,0,3,0,0,0,0,154
5343,532,532,-1.7,96986,61.8,5.5,16:20:58,0,0,0,3,0,0,0,0,154
5343,533,533,-1.7,96985,61.8,5.5,16:20:59,0,0,0,3,0,0,0,0,154
5343,534,534,-1.7,96986,61.8,5.5,16:21:00,0,0,0,3,0,0,0,0,154
5343,535,535,-2,96988,61.8,5.5,16:21:00,0,0,0,3,0,0,0,0,154
5343,536,536,-1.8,96986,61.8,5.5,16:21:02,0,0,0,3,0,0,0,0,154
5343,537,537,-1.6,96985,61.8,5.5,16:21:03,0,0,0,3,0,0,0,0,154
5343,538,538,-1.7,96986,61.8,5.5,16:21:04,0,0,0,3,0,0,0,0,154
5343,539,539,-1.7,96985,61.8,5.5,16:21:05,0,0,0,3,0,0,0,0,154
5343,540,540,-1.7,96986,61.8,5.5,16:21:06,0,0,0,3,0,0,0,0,154
5343,541,541,-1.9,96988,61.8,5.5,16:21:06,0,0,0,3,0,0,0,0,154
5343,542,542,-1.9,96987,61.8,5.5,16:21:08,0,0,0,3,0,0,0,0,154
5343,543,543,-1.8,96987,61.8,5.5,16:21:09,0,0,0,3,0,0,0,0,154
5343,544,544,-2,96989,61.8,5.5,16:21:10,0,0,0,3,0,0,0,0,154
5343,545,545,-2,96988,61.8,5.5,16:21:11,0,0,0,3,0,0,0,0,154
5343,546,546,-2.1,96989,61.8,5.5,16:21:12,0,0,0,3,0,0,0,0,154
5343,547,547,-2.1,96990,61.8,5.5,16:21:12,0,0,0,3,0,0,0,0,154
5343,548,548,-2.1,96990,61.8,5.5,16:21:14,0,0,0,3,0,0,0,0,154
5343,549,549,-2.4,96992,61.8,5.5,16:21:15,0,0,0,3,0,0,0,0,154
5343,550,550,-2,96989,61.8,5.5,16:21:16,0,0,0,3,0,0,0,0,154
5343,551,551,-2.1,96990,61.8,5.5,16:21:16,0,0,0,3,0,0,0,0,154
5343,552,552,-1.9,96987,61.8,5.5,16:21:17,0,0,0,3,0,0,0,0,154
5343,553,553,-2.1,96990,61.8,5.5,16:21:18,0,0,0,3,0,0,0,0,154
5343,554,554,-1.9,96987,61.8,5.5,16:21:18,0,0,0,3,0,0,0,0,154
5343,555,555,-2.2,96990,61.8,5.5,16:21:20,0,0,0,3,0,0,0,0,154
5343,556,556,-1.9,96988,61.8,5.5,16:21:21,0,0,0,3,0,0,0,0,154
5343,557,557,-2,96989,61.8,5.5,16:21:22,0,0,0,3,0,0,0,0,154
5343,558,558,-2,96989,61.8,5.5,16:21:23,0,0,0,3,0,0,0,0,154
5343,559,559,-2,96988,61.8,5.5,16:21:24,0,0,0,3,0,0,0,0,154
5343,560,560,-2.1,96990,61.8,5.5,16:21:24,0,0,0,3,0,0,0,0,154
5343,561,561,-2,96988,61.8,5.5,16:21:26,0,0,0,3,0,0,0,0,154
5343,562,562,-2,96989,61.8,5.5,16:21:27,0,0,0,3,0,0,0,0,154
5343,563,563,-1.9,96988,61.8,5.5,16:21:28,0,0,0,3,0,0,0,0,154
5343,564,564,-1.8,96987,61.8,5.5,16:21:29,0,0,0,3,0,0,0,0,154
5343,565,565,-2.5,96994,61.8,5.5,16:21:30,0,0,0,3,0,0,0,0,154
5343,566,566,-2.3,96992,61.8,5.5,16:21:30,0,0,0,3,0,0,0,0,154
5343,567,567,-2.6,96995,61.8,5.5,16:21:32,0,0,0,3,0,0,0,0,154
5343,568,568,-2.4,96993,61.8,5.5,16:21:33,0,0,0,3,0,0,0,0,154
5343,569,569,-2.4,96993,61.8,5.5,16:21:34,0,0,0,3,0,0,0,0,154
5343,570,570,-2.5,96993,61.8,5.5,16:21:35,0,0,0,3,0,0,0,0,154
5343,571,571,-2.5,96994,61.8,5.5,16:21:36,0,0,0,3,0,0,0,0,154
5343,572,572,-2.3,96992,61.8,5.5,16:21:36,0,0,0,3,0,0,0,0,154
5343,573,573,-2.1,96990,61.8,5.5,16:21:38,0,0,0,3,0,0,0,0,154
5343,574,574,-2.1,96989,61.8,5.5,16:21:39,0,0,0,3,0,0,0,0,154
5343,575,575,-2.3,96991,61.8,5.5,16:21:40,0,0,0,3,0,0,0,0,154
5343,576,576,-2.2,96991,61.8,5.5,16:21:41,0,0,0,3,0,0,0,0,154
5343,577,577,-2.2,96990,61.8,5.5,16:21:42,0,0,0,3,0,0,0,0,154
5343,578,578,-2.1,96990,61.8,5.5,16:21:42,0,0,0,3,0,0,0,0,154
5343,579,579,-2.1,96990,61.8,5.5,16:21:44,0,0,0,3,0,0,0,0,154
5343,580,580,-2.2,96991,61.8,5.5,16:21:45,0,0,0,3,0,0,0,0,154
5343,581,581,-2.1,96990,61.8,5.5,16:21:46,0,0,0,3,0,0,0,0,154
5343,582,582,-2.4,96992,61.8,5.5,16:21:47,0,0,0,3,0,0,0,0,154
5343,583,583,-2.3,96991,61.8,5.5,16:21:48,0,0,0,3,0,0,0,0,154
5343,584,584,-2.4,96992,61.8,5.5,16:21:48,0,0,0,3,0,0,0,0,154
5343,585,585,-2.2,96991,61.8,5.5,16:21:50,0,0,0,3,0,0,0,0,154
5343,586,586,-2.5,96993,61.8,5.5,16:21:51,0,0,0,3,0,0,0,0,154
5343,587,587,-2.2,96990,61.8,5.5,16:21:52,0,0,0,3,0,0,0,0,154
5343,588,588,-2.3,96991,61.8,5.5,16:21:53,0,0,0,3,0,0,0,0,154
5343,589,589,-2.3,96991,61.8,5.5,16:21:54,32.206062,-98.1904,172,4,0,0,0,0,154
5343,590,590,-2.1,96989,61.8,5.5,16:21:54,32.206062,-98.1904,172,4,0,0,0,0,154
5343,591,591,-2.2,96990,61.8,5.5,16:21:56,32.206044,-98.19048,172,4,0,0,0,0,154
5343,592,592,-2.2,96991,61.8,5.5,16:21:57,32.20602,-98.19056,172,4,0,0,0,0,154
5343,593,593,-2.2,96990,61.8,5.5,16:21:58,32.206006,-98.19056,172,4,0,0,0,0,154
5343,594,594,-2,96989,61.8,5.5,16:21:59,32.206002,-98.19064,172,4,0,0,0,0,154
5343,595,595,-1.8,96987,61.8,5.5,16:22:00,32.20599,-98.19064,172,4,0,0,0,0,154
5343,596,596,-2.2,96991,61.8,5.5,16:22:01,32.205978,-98.19064,172,4,0,0,0,0,154
5343,597,597,-2.4,96993,61.8,5.5,16:22:02,32.205974,-98.19072,172,4,0,0,0,0,154
5343,598,598,-2.2,96991,61.8,5.5,16:22:03,32.205966,-98.19072,172,4,0,0,0,0,154
5343,599,599,-2.4,96993,61.8,5.5,16:22:04,32.20596,-98.19072,172,4,0,0,0,0,154
5343,600,600,-2.5,96993,61.8,5.5,16:22:05,32.205956,-98.19072,172,4,0,0,0,0,154
5343,601,601,-2.3,96992,61.8,5.5,16:22:06,32.20596,-98.19072,172,4,0,0,0,0,154
5343,602,602,-2.4,96992,61.8,5.5,16:22:07,32.205964,-98.1908,172,4,0,0,0,0,154
5343,603,603,-2.1,96990,61.8,5.5,16:22:08,32.205966,-98.1908,172,4,0,0,0,0,154
5343,604,604,-2.4,96992,61.8,5.5,16:22:09,32.205974,-98.19088,172,4,0,0,0,0,154
5343,605,605,-2.5,96994,61.8,5.5,16:22:10,32.205974,-98.19088,172,4,0,0,0,0,154
5343,606,606,-2.4,96993,61.8,5.5,16:22:11,32.205974,-98.19088,173,4,0,0,0,0,154
5343,607,607,-2.4,96993,61.8,5.5,16:22:12,32.205974,-98.19096,173,4,0,0,0,0,154
5343,608,608,-2.5,96994,61.8,5.5,16:22:13,32.205982,-98.19088,173,4,0,0,0,0,154
5343,609,609,-2.5,96994,61.8,5.5,16:22:14,32.205986,-98.19088,173,4,0,0,0,0,154
5343,610,610,-2.5,96994,61.8,5.5,16:22:15,32.20599,-98.19088,173,4,0,0,0,0,154
5343,611,611,-2.6,96995,61.8,5.5,16:22:16,32.206002,-98.1908,173,4,0,0,0,0,154
5343,612,612,-2.6,96994,61.8,5.5,16:22:17,32.206002,-98.1908,173,4,0,0,0,0,154
5343,613,613,-2.6,96995,61.8,5.5,16:22:18,32.205998,-98.19072,173,4,0,0,0,0,154
5343,614,614,-2.6,96994,61.8,5.5,16:22:19,32.205998,-98.19072,173,4,0,0,0,0,154
5343,615,615,-2.6,96995,61.8,5.5,16:22:20,32.20599,-98.19064,173,4,0,0,0,0,154
5343,616,616,-2.6,96994,61.8,5.5,16:22:21,32.205986,-98.19064,173,4,0,0,0,0,154
5343,617,617,-2.6,96995,61.8,5.5,16:22:22,32.205978,-98.19064,173,4,0,0,0,0,154
5343,618,618,-2.6,96995,61.8,5.5,16:22:23,32.205966,-98.19064,173,4,0,0,0,0,154
5343,619,619,-2.5,96993,61.8,5.5,16:22:24,32.205966,-98.19064,173,4,0,0,0,0,154
5343,620,620,-2.3,96992,61.8,5.5,16:22:25,32.205964,-98.19064,173,4,0,0,0,0,154
5343,621,621,-2.4,96993,61.8,5.5,16:22:26,32.205952,-98.19072,173,4,0,0,0,0,154
5343,622,622,-2.5,96993,61.8,5.5,16:22:27,32.205948,-98.19064,173,4,0,0,0,0,154
5343,623,623,-2.4,96993,61.8,5.5,16:22:28,32.205944,-98.19064,173,4,0,0,0,0,154
5343,624,624,-2.7,96995,61.8,5.5,16:22:28,32.205944,-98.19064,173,4,0,0,0,0,154
5343,625,625,-2.4,96993,61.8,5.5,16:22:30,32.205936,-98.19064,173,4,0,0,0,0,154
5343,626,626,-2.7,96995,61.8,5.5,16:22:30,32.205936,-98.19064,173,4,0,0,0,0,154
5343,627,627,-2.5,96994,61.8,5.5,16:22:31,32.205924,-98.19064,173,4,0,0,0,0,154
5343,628,628,-2.3,96992,61.8,5.5,16:22:32,32.205918,-98.19064,173,4,0,0,0,0,154
5343,629,629,-2.7,96996,61.8,5.5,16:22:33,32.205914,-98.19064,173,4,0,0,0,0,154
5343,630,630,-2.5,96993,61.8,5.5,16:22:34,32.205902,-98.19064,173,4,0,0,0,0,154
5343,631,631,-2.5,96993,61.8,5.5,16:22:35,32.20591,-98.19064,173,4,0,0,0,0,154
5343,632,632,-2.4,96993,61.8,5.5,16:22:36,32.205914,-98.19064,173,4,0,0,0,0,154
5343,633,633,-2.4,96993,61.8,5.5,16:22:37,32.205924,-98.19064,173,4,0,0,0,0,154
5343,634,634,-2.4,96992,61.8,5.5,16:22:38,32.205922,-98.19064,173,4,0,0,0,0,154
5343,635,635,-2.4,96993,61.8,5.5,16:22:39,32.205924,-98.19064,173,4,0,0,0,0,154
5343,636,636,-2.5,96994,61.8,5.5,16:22:40,32.205924,-98.19064,173,4,0,0,0,0,154
5343,637,637,-2.6,96995,61.8,5.5,16:22:41,32.205924,-98.19056,173,4,0,0,0,0,154
5343,638,638,-2.5,96994,61.8,5.5,16:22:42,32.205924,-98.19056,173,4,0,0,0,0,154
5343,639,639,-2.6,96994,61.8,5.5,16:22:43,32.205924,-98.19056,173,4,0,0,0,0,154
5343,640,640,-2.6,96994,61.8,5.5,16:22:44,32.205924,-98.19056,173,4,0,0,0,0,154
5343,641,641,-2.6,96995,61.8,5.5,16:22:45,32.205924,-98.19064,173,4,0,0,0,0,154
5343,642,642,-2.6,96995,61.8,5.5,16:22:46,32.205918,-98.19064,173,4,0,0,0,0,154
5343,643,643,-2.6,96994,61.8,5.5,16:22:47,32.20591,-98.19064,173,4,0,0,0,0,154
5343,644,644,-2.5,96994,61.8,5.5,16:22:48,32.205902,-98.19064,173,4,0,0,0,0,154
5343,645,645,-2.4,96993,61.8,5.5,16:22:49,32.205902,-98.19064,173,4,0,0,0,0,154
5343,646,646,-2.5,96994,61.8,5.5,16:22:50,32.205906,-98.19064,173,4,0,0,0,0,154
5343,647,647,-2.5,96994,61.8,5.5,16:22:51,32.205906,-98.19064,173,4,0,0,0,0,154
5343,648,648,-2.5,96994,61.8,5.5,16:22:52,32.20591,-98.19064,173,4,0,0,0,0,154
5343,649,649,-2.5,96993,61.8,5.5,16:22:53,32.205902,-98.19064,173,4,0,0,0,0,154
5343,650,650,-2.6,96994,61.8,5.5,16:22:54,32.205902,-98.19064,173,4,0,0,0,0,154
5343,651,651,-2.5,96994,61.8,5.5,16:22:55,32.205898,-98.19064,173,4,0,0,0,0,154
5343,652,652,-2.7,96995,61.8,5.5,16:22:56,32.205906,-98.19064,173,4,0,0,0,0,154
5343,653,653,-2.7,96996,61.8,5.5,16:22:57,32.205922,-98.19064,173,4,0,0,0,0,154
5343,654,654,-2.8,96997,61.8,5.5,16:22:58,32.205924,-98.19064,173,4,0,0,0,0,154
5343,655,655,-2.7,96996,61.8,5.5,16:22:59,32.205924,-98.19064,173,4,0,0,0,0,154
5343,656,656,-2.5,96994,61.8,5.5,16:23:00,32.205936,-98.19056,173,4,0,0,0,0,154
5343,657,657,-2.5,96994,61.8,5.5,16:23:01,32.20594,-98.19056,173,4,0,0,0,0,154
5343,658,658,-2.4,96993,61.8,5.5,16:23:02,32.205936,-98.19056,173,4,0,0,0,0,154
5343,659,659,-2.6,96994,61.8,5.5,16:23:03,32.20594,-98.19056,173,4,0,0,0,0,154
5343,660,660,-2.5,96993,61.8,5.5,16:23:04,32.20594,-98.19056,173,4,0,0,0,0,154
5343,661,661,-2.6,96995,61.8,5.5,16:23:05,32.205948,-98.19056,173,4,0,0,0,0,154
5343,662,662,-2.6,96995,61.8,5.5,16:23:06,32.205952,-98.19048,173,4,0,0,0,0,154
5343,663,663,-2.6,96994,61.8,5.5,16:23:07,32.205964,-98.1904,173,4,0,0,0,0,154
5343,664,664,-2.6,96994,61.8,5.5,16:23:08,32.205966,-98.1904,173,4,0,0,0,0,154
5343,665,665,-2.5,96994,61.8,5.5,16:23:09,32.205978,-98.1904,173,4,0,0,0,0,154
5343,666,666,-2.5,96994,61.8,5.5,16:23:10,32.205986,-98.1904,173,4,0,0,0,0,154
5343,667,667,-2.6,96994,61.8,5.5,16:23:11,32.20599,-98.19032,173,4,0,0,0,0,154
5343,668,668,-2.8,96996,61.8,5.5,16:23:12,32.205998,-98.19032,173,4,0,0,0,0,154
5343,669,669,-2.7,96995,61.8,5.5,16:23:13,32.206006,-98.19032,173,4,0,0,0,0,154
5343,670,670,-2.7,96996,61.8,5.5,16:23:14,32.206008,-98.19032,173,4,0,0,0,0,154
5343,671,671,-2.6,96994,61.8,5.5,16:23:15,32.206006,-98.19024,173,4,0,0,0,0,154
5343,672,672,-2.6,96995,61.8,5.5,16:23:16,32.206012,-98.19032,173,4,0,0,0,0,154
5343,673,673,-2.7,96995,61.8,5.5,16:23:17,32.206008,-98.19032,173,4,0,0,0,0,154
5343,674,674,-2.6,96994,61.8,5.5,16:23:18,32.206012,-98.19024,173,4,0,0,0,0,154
5343,675,675,-2.7,96996,61.8,5.5,16:23:19,32.206012,-98.19024,173,4,0,0,0,0,154
5343,676,676,-2.6,96994,61.8,5.5,16:23:20,32.206016,-98.19024,173,4,0,0,0,0,154
5343,677,677,-2.8,96997,61.8,5.5,16:23:21,32.20602,-98.19024,173,4,0,0,0,0,154
5343,678,678,-2.7,96995,61.8,5.5,16:23:22,32.206024,-98.19024,173,4,0,0,0,0,154
5343,679,679,-2.8,96997,61.8,5.5,16:23:23,32.20602,-98.19024,173,4,0,0,0,0,154
5343,680,680,-2.8,96997,61.8,5.5,16:23:24,32.206024,-98.19024,173,4,0,0,0,0,154
5343,681,681,-2.8,96996,61.8,5.5,16:23:25,32.206028,-98.19024,173,4,0,0,0,0,154
5343,682,682,-2.8,96997,61.8,5.5,16:23:26,32.206024,-98.19016,173,4,0,0,0,0,154
5343,683,683,-2.8,96997,61.8,5.5,16:23:27,32.206028,-98.19016,173,4,0,0,0,0,154
5343,684,684,-2.9,96997,61.8,5.5,16:23:28,32.206032,-98.19008,173,4,0,0,0,0,154
5343,685,685,-2.9,96998,61.8,5.5,16:23:29,32.206036,-98.19008,173,4,0,0,0,0,154
5343,686,686,-3.2,97001,61.8,5.5,16:23:30,32.20604,-98.19008,173,4,0,0,0,0,154
5343,687,687,-3,96999,61.8,5.5,16:23:31,32.206044,-98.19016,173,4,0,0,0,0,154
5343,688,688,-2.9,96998,61.8,5.5,16:23:32,32.20605,-98.19016,173,4,0,0,0,0,154
5343,689,689,-2.9,96998,61.8,5.5,16:23:33,32.206058,-98.19016,173,4,0,0,0,0,154
5343,690,690,-2.8,96997,61.8,5.5,16:23:34,32.206062,-98.19016,173,4,0,0,0,0,154
5343,691,691,-2.9,96997,61.8,5.5,16:23:35,32.206066,-98.19016,173,4,0,0,0,0,154
5343,692,692,-3,96999,61.8,5.5,16:23:36,32.20607,-98.19016,173,4,0,0,0,0,154
5343,693,693,-2.8,96997,61.8,5.5,16:23:37,32.20607,-98.19016,173,4,0,0,0,0,154
5343,694,694,-2.7,96995,61.8,5.5,16:23:38,32.20607,-98.19024,173,4,0,0,0,0,154
5343,695,695,-2.8,96997,61.8,5.5,16:23:39,32.206074,-98.19016,173,4,0,0,0,0,154
5343,696,696,-2.7,96996,61.8,5.5,16:23:40,32.206078,-98.19024,173,4,0,0,0,0,154
5343,697,697,-2.6,96994,61.8,5.5,16:23:41,32.206078,-98.19024,173,4,0,0,0,0,154
5343,698,698,-2.7,96995,61.8,5.5,16:23:42,32.206082,-98.19024,173,4,0,0,0,0,154
5343,699,699,-2.7,96995,61.8,5.5,16:23:43,32.20609,-98.19016,173,4,0,0,0,0,154
5343,700,700,-2.7,96995,61.8,5.5,16:23:44,32.206096,-98.19016,173,4,0,0,0,0,154
5343,701,701,-2.7,96996,61.8,5.5,16:23:45,32.206096,-98.19016,173,4,0,0,0,0,154
5343,702,702,-2.8,96997,61.8,5.5,16:23:46,32.206096,-98.19016,173,4,0,0,0,0,154
5343,703,703,-2.9,96998,61.8,5.5,16:23:47,32.2061,-98.19016,173,4,0,0,0,0,154
5343,704,704,-2.8,96997,61.8,5.5,16:23:48,32.206104,-98.19016,173,4,0,0,0,0,154
5343,705,705,-2.9,96997,61.8,5.5,16:23:49,32.206104,-98.19016,173,4,0,0,0,0,154
5343,706,706,-2.9,96998,61.8,5.5,16:23:50,32.206108,-98.19016,173,4,0,0,0,0,154
5343,707,707,-3,96999,61.8,5.5,16:23:51,32.206112,-98.19008,173,4,0,0,0,0,154
5343,708,708,-2.8,96997,61.8,5.5,16:23:52,32.20612,-98.19,173,4,0,0,0,0,154
5343,709,709,-3.1,96999,61.8,5.5,16:23:52,32.20612,-98.18992,173,4,0,0,0,0,154
5343,710,710,-3.1,97000,61.8,5.5,16:23:53,32.206124,-98.18992,173,4,0,0,0,0,154
5343,711,711,-3.1,97000,61.8,5.5,16:23:54,32.206124,-98.18984,173,4,0,0,0,0,154
5343,712,712,-3.2,97001,61.8,5.5,16:23:55,32.20613,-98.18984,172,4,0,0,0,0,154
5343,713,713,-3.1,97000,61.8,5.5,16:23:56,32.20613,-98.18984,172,4,0,0,0,0,154
5343,714,714,-3.2,97001,61.8,5.5,16:23:57,32.206134,-98.18976,172,4,0,0,0,0,154
5343,715,715,-3.1,97000,61.8,5.5,16:23:58,32.20613,-98.18968,172,4,0,0,0,0,154
5343,716,716,-3.2,97000,61.8,5.5,16:23:59,32.206134,-98.18968,172,4,0,0,0,0,154
5343,717,717,-3.1,96999,61.8,5.5,16:24:00,32.20613,-98.1896,172,4,0,0,0,0,154
5343,718,718,-3,96999,61.8,5.5,16:24:01,32.206134,-98.1896,172,4,0,0,0,0,154
5343,719,719,-3.1,97000,61.8,5.5,16:24:02,32.206146,-98.18952,172,4,0,0,0,0,154
5343,720,720,-3.2,97001,61.8,5.5,16:24:03,32.206142,-98.18952,172,4,0,0,0,0,154
5343,721,721,-3.1,97000,61.8,5.5,16:24:04,32.206128,-98.18952,172,4,0,0,0,0,154
5343,722,722,-3.1,97000,61.8,5.5,16:24:05,32.20612,-98.18952,172,4,0,0,0,0,154
5343,723,723,-3.2,97001,61.8,5.5,16:24:06,32.206108,-98.1896,172,4,0,0,0,0,154
5343,724,724,-3.2,97001,61.8,5.5,16:24:07,32.2061,-98.1896,172,4,0,0,0,0,154
5343,725,725,-3.1,97000,61.8,5.5,16:24:08,32.206092,-98.18968,172,4,0,0,0,0,154
5343,726,726,-3,96999,61.8,5.5,16:24:09,32.20609,-98.18968,172,4,0,0,0,0,154
5343,727,727,-3,96999,61.8,5.5,16:24:10,32.206078,-98.18976,172,4,0,0,0,0,154
5343,728,728,-2.7,96995,61.8,5.5,16:24:11,32.206066,-98.18976,172,4,0,0,0,0,154
5343,729,729,-2.8,96997,61.8,5.5,16:24:12,32.206062,-98.18984,172,4,0,0,0,0,154
5343,730,730,-2.9,96998,61.8,5.5,16:24:13,32.206062,-98.18984,172,4,0,0,0,0,154
5343,731,731,-2.9,96998,61.8,5.5,16:24:14,32.206062,-98.18984,172,4,0,0,0,0,154
5343,732,732,-3,96999,61.8,5.5,16:24:15,32.206066,-98.18992,172,4,0,0,0,0,154
5343,733,733,-3.1,97000,61.8,5.5,16:24:16,32.206074,-98.18992,172,4,0,0,0,0,154
5343,734,734,-3.2,97001,61.8,5.5,16:24:17,32.206082,-98.19,172,4,0,0,0,0,154
5343,735,735,-3.2,97001,61.8,5.5,16:24:18,32.206082,-98.19,172,4,0,0,0,0,154
5343,736,736,-3.1,97000,61.8,5.5,16:24:19,32.20607,-98.19,172,4,0,0,0,0,154
5343,737,737,-3.1,97000,61.8,5.5,16:24:20,32.206066,-98.19,172,4,0,0,0,0,154
5343,738,738,-3,96999,61.8,5.5,16:24:21,32.206062,-98.19008,172,4,0,0,0,0,154
5343,739,739,-3,96999,61.8,5.5,16:24:22,32.206058,-98.19008,172,4,0,0,0,0,154
5343,740,740,-3.1,97000,61.8,5.5,16:24:23,32.206054,-98.19008,172,4,0,0,0,0,154
5343,741,741,-3.2,97001,61.8,5.5,16:24:24,32.20605,-98.19016,172,4,0,0,0,0,154
5343,742,742,-3.1,97000,61.8,5.5,16:24:25,32.20605,-98.19016,172,4,0,0,0,0,154
5343,743,743,-3.4,97003,61.8,5.5,16:24:26,32.206044,-98.19016,172,4,0,0,0,0,154
5343,744,744,-3.3,97002,61.8,5.5,16:24:27,32.206044,-98.19016,172,4,0,0,0,0,154
5343,745,745,-3.1,96999,61.8,5.5,16:24:28,32.206048,-98.19016,172,4,0,0,0,0,154
5343,746,746,-3.2,97001,61.8,5.5,16:24:29,32.20605,-98.19016,172,4,0,0,0,0,154
5343,747,747,-3,96999,61.8,5.5,16:24:30,32.206054,-98.19016,172,4,0,0,0,0,154
5343,748,748,-3.1,97000,61.8,5.5,16:24:31,32.206058,-98.19016,172,4,0,0,0,0,154
5343,749,749,-3,96999,61.8,5.5,16:24:32,32.206054,-98.19016,172,4,0,0,0,0,154
5343,750,750,-3.1,97000,61.8,5.5,16:24:33,32.206058,-98.19016,172,4,0,0,0,0,154
5343,751,751,-3,96999,61.8,5.5,16:24:34,32.206066,-98.19016,172,4,0,0,0,0,154
5343,752,752,-2.9,96998,61.8,5.5,16:24:35,32.20607,-98.19016,172,4,0,0,0,0,154
5343,753,753,-2.8,96997,61.8,5.5,16:24:36,32.20607,-98.19016,172,4,0,0,0,0,154
5343,754,754,-2.9,96997,61.8,5.5,16:24:37,32.20607,-98.19016,172,4,0,0,0,0,154
5343,755,755,-3,96999,61.8,5.5,16:24:38,32.206066,-98.19016,172,4,0,0,0,0,154
5343,756,756,-3,96998,61.8,5.5,16:24:39,32.206062,-98.19016,172,4,0,0,0,0,154
5343,757,757,-3,96999,61.8,5.5,16:24:40,32.206058,-98.19016,172,4,0,0,0,0,154
5343,758,758,-2.9,96998,61.8,5.5,16:24:41,32.206054,-98.19016,172,4,0,0,0,0,154
5343,759,759,-3,96999,61.8,5.5,16:24:42,32.206054,-98.19016,172,4,0,0,0,0,154
5343,760,760,-3.1,97000,61.8,5.5,16:24:43,32.20605,-98.19008,172,4,0,0,0,0,154
5343,761,761,-3,96999,61.8,5.5,16:24:44,32.20605,-98.19008,172,4,0,0,0,0,154
5343,762,762,-3.1,96999,61.8,5.5,16:24:45,32.206066,-98.19,172,4,0,0,0,0,154
5343,763,763,-2.9,96998,61.8,5.5,16:24:46,32.20607,-98.19,172,4,0,0,0,0,154
5343,764,764,-3.2,97001,61.8,5.5,16:24:47,32.206066,-98.19,172,4,0,0,0,0,154
5343,765,765,-3.1,97000,61.8,5.5,16:24:48,32.206062,-98.19,172,4,0,0,0,0,154
5343,766,766,-3.1,96999,61.8,5.5,16:24:49,32.206062,-98.19,172,4,0,0,0,0,154
5343,767,767,-3.2,97000,61.8,5.5,16:24:50,32.206062,-98.19,172,4,0,0,0,0,154
5343,768,768,-3.2,97000,61.8,5.5,16:24:51,32.206066,-98.19,172,4,0,0,0,0,154
5343,769,769,-3.3,97002,61.8,5.5,16:24:52,32.20607,-98.19,172,4,0,0,0,0,154
5343,770,770,-3.2,97001,61.8,5.5,16:24:53,32.20607,-98.19008,172,4,0,0,0,0,154
5343,771,771,-2.9,96997,61.8,5.5,16:24:54,32.206062,-98.19008,172,4,0,0,0,0,154
5343,772,772,-3.1,96999,61.8,5.5,16:24:55,32.206062,-98.19008,172,4,0,0,0,0,154
5343,773,773,-3.2,97001,61.8,5.5,16:24:56,32.206058,-98.19008,172,4,0,0,0,0,154
5343,774,774,-3,96999,61.8,5.5,16:24:57,32.206058,-98.19008,172,4,0,0,0,0,154
5343,775,775,-3.1,97000,61.8,5.5,16:24:58,32.206058,-98.19008,172,4,0,0,0,0,154
5343,776,776,-2.8,96997,61.8,5.5,16:24:59,32.206058,-98.19008,172,4,0,0,0,0,154
5343,777,777,-3.1,97000,61.8,5.5,16:25:00,32.206062,-98.19008,172,4,0,0,0,0,154
5343,778,778,-2.9,96998,61.8,5.5,16:25:01,32.206062,-98.19,172,4,0,0,0,0,154
5343,779,779,-3,96999,61.8,5.5,16:25:02,32.206066,-98.19,172,4,0,0,0,0,154
5343,780,780,-3,96999,61.8,5.5,16:25:03,32.206062,-98.19,172,4,0,0,0,0,154
5343,781,781,-3,96999,61.8,5.5,16:25:04,32.206066,-98.19,172,4,0,0,0,0,154
5343,782,782,-3.1,96999,61.8,5.5,16:25:05,32.206066,-98.19,172,4,0,0,0,0,154
5343,783,783,-3.2,97001,61.8,5.5,16:25:06,32.206066,-98.19,172,4,0,0,0,0,154
5343,784,784,-3.3,97002,61.8,5.5,16:25:07,32.206066,-98.19,172,4,0,0,0,0,154
5343,785,785,-3.2,97000,61.8,5.5,16:25:08,32.206066,-98.19008,172,4,0,0,0,0,154
5343,786,786,-3,96999,61.8,5.5,16:25:09,32.206062,-98.19008,172,4,0,0,0,0,154
5343,787,787,-2.9,96998,61.8,5.5,16:25:10,32.206058,-98.19008,172,4,0,0,0,0,154
5343,788,788,-3.1,97000,61.8,5.5,16:25:11,32.206058,-98.19016,172,4,0,0,0,0,154
5343,789,789,-3.1,96999,61.8,5.5,16:25:12,32.206058,-98.19016,172,4,0,0,0,0,154
5343,790,790,-3.3,97002,61.8,5.5,16:25:13,32.206054,-98.19016,172,4,0,0,0,0,154
5343,791,791,-3.3,97002,61.8,5.5,16:25:14,32.206058,-98.19016,172,4,0,0,0,0,154
5343,792,792,-3,96999,61.8,5.5,16:25:15,32.206054,-98.19024,172,4,0,0,0,0,154
5343,793,793,-3.2,97001,61.8,5.5,16:25:15,32.206054,-98.19016,172,4,0,0,0,0,154
5343,794,794,-3.2,97001,61.8,5.5,16:25:16,32.206054,-98.19016,172,4,0,0,0,0,154
5343,795,795,-3.2,97001,61.8,5.5,16:25:17,32.206054,-98.19016,172,4,0,0,0,0,154
5343,796,796,-3.3,97002,61.8,5.5,16:25:18,32.206058,-98.19016,172,4,0,0,0,0,154
5343,797,797,-3.3,97002,61.8,5.5,16:25:19,32.206066,-98.19,172,4,0,0,0,0,154
5343,798,798,-3.3,97002,61.8,5.5,16:25:20,32.20607,-98.18992,172,4,0,0,0,0,154
5343,799,799,-3.4,97003,61.8,5.5,16:25:21,32.206086,-98.18992,172,4,0,0,0,0,154
5343,800,800,-3.1,97000,61.8,5.5,16:25:22,32.206092,-98.18984,172,4,0,0,0,0,154
5343,801,801,-3.2,97001,61.8,5.5,16:25:23,32.206096,-98.18984,172,4,0,0,0,0,154
5343,802,802,-3.1,96999,61.8,5.5,16:25:24,32.206104,-98.18976,172,4,0,0,0,0,154
5343,803,803,-3.2,97001,61.8,5.5,16:25:25,32.206104,-98.18976,172,4,0,0,0,0,154
5343,804,804,-3.2,97001,61.8,5.5,16:25:26,32.206108,-98.18976,172,4,0,0,0,0,154
5343,805,805,-3.6,97004,61.8,5.5,16:25:27,32.206108,-98.18976,172,4,0,0,0,0,154
5343,806,806,-3.4,97003,61.8,5.5,16:25:28,32.206108,-98.18976,172,4,0,0,0,0,154
5343,807,807,-3.5,97004,61.8,5.5,16:25:29,32.206116,-98.18976,172,4,0,0,0,0,154
5343,808,808,-3.6,97005,61.8,5.5,16:25:30,32.206116,-98.18984,172,4,0,0,0,0,154
5343,809,809,-3.5,97004,61.8,5.5,16:25:31,32.206124,-98.18984,172,4,0,0,0,0,154
5343,810,810,-3.6,97005,61.8,5.5,16:25:32,32.206134,-98.18984,172,4,0,0,0,0,154
5343,811,811,-3.5,97004,61.8,5.5,16:25:33,32.206138,-98.18984,172,4,0,0,0,0,154
5343,812,812,-3.3,97002,61.8,5.5,16:25:34,32.206138,-98.18984,172,4,0,0,0,0,154
5343,813,813,-3.2,97001,61.8,5.5,16:25:35,32.206146,-98.18984,172,4,0,0,0,0,154
5343,814,814,-3.3,97001,61.8,5.5,16:25:36,32.206158,-98.18984,172,4,0,0,0,0,154
5343,815,815,-3.2,97001,61.8,5.5,16:25:37,32.206162,-98.18984,172,4,0,0,0,0,154
5343,816,816,-3.2,97001,61.8,5.5,16:25:38,32.206166,-98.18984,172,4,0,0,0,0,154
5343,817,817,-3.3,97001,61.8,5.5,16:25:39,32.206166,-98.18976,172,4,0,0,0,0,154
5343,818,818,-3.3,97002,61.8,5.5,16:25:40,32.206162,-98.18976,172,4,0,0,0,0,154
5343,819,819,-3.5,97004,61.8,5.5,16:25:41,32.206158,-98.18984,172,4,0,0,0,0,154
5343,820,820,-3.3,97002,61.8,5.5,16:25:42,32.206158,-98.18976,172,4,0,0,0,0,154
5343,821,821,-3.6,97005,61.8,5.5,16:25:43,32.206154,-98.18976,172,4,0,0,0,0,154
5343,822,822,-3.6,97005,61.8,5.5,16:25:44,32.206154,-98.18976,172,4,0,0,0,0,154
5343,823,823,-3.6,97005,61.8,5.5,16:25:45,32.20615,-98.18984,172,4,0,0,0,0,154
5343,824,824,-3.6,97005,61.8,5.5,16:25:46,32.20615,-98.18984,172,4,0,0,0,0,154
5343,825,825,-3.6,97005,61.8,5.5,16:25:47,32.206146,-98.18984,172,4,0,0,0,0,154
5343,826,826,-3.5,97003,61.8,5.5,16:25:48,32.206142,-98.18984,172,4,0,0,0,0,154
5343,827,827,-3.4,97003,61.8,5.5,16:25:49,32.206142,-98.18984,172,4,0,0,0,0,154
5343,828,828,-3.4,97003,61.8,5.5,16:25:50,32.206134,-98.18984,172,4,0,0,0,0,154
5343,829,829,-3.1,97000,61.8,5.5,16:25:51,32.20613,-98.18984,172,4,0,0,0,0,154
5343,830,830,-3.3,97002,61.8,5.5,16:25:52,32.206124,-98.18984,172,4,0,0,0,0,154
5343,831,831,-3.1,97000,61.8,5.5,16:25:53,32.20612,-98.18992,172,4,0,0,0,0,154
5343,832,832,-3.1,97000,61.8,5.5,16:25:54,32.206116,-98.18992,172,4,0,0,0,0,154
5343,833,833,-3.4,97002,61.8,5.5,16:25:55,32.206108,-98.18992,172,4,0,0,0,0,154
5343,834,834,-3.2,97001,61.8,5.5,16:25:56,32.206108,-98.19,172,4,0,0,0,0,154
5343,835,835,-3.2,97001,61.8,5.5,16:25:57,32.206104,-98.19,172,4,0,0,0,0,154
5343,836,836,-3,96999,61.8,5.5,16:25:58,32.2061,-98.19,172,4,0,0,0,0,154
5343,837,837,-2.9,96997,61.8,5.5,16:25:59,32.2061,-98.19,172,4,0,0,0,0,154
5343,838,838,-3,96998,61.8,5.5,16:26:00,32.206104,-98.19,172,4,0,0,0,0,154
5343,839,839,-3,96999,61.8,5.5,16:26:01,32.206108,-98.19,172,4,0,0,0,0,154
5343,840,840,-3,96999,61.8,5.5,16:26:02,32.206112,-98.18992,172,4,0,0,0,0,154
5343,841,841,-2.8,96997,61.8,5.5,16:26:03,32.20612,-98.18992,172,4,0,0,0,0,154
5343,842,842,-2.9,96998,61.8,5.5,16:26:04,32.206128,-98.18992,172,4,0,0,0,0,154
5343,843,843,-2.9,96998,61.8,5.5,16:26:05,32.20613,-98.18992,172,4,0,0,0,0,154
5343,844,844,-3,96999,61.8,5.5,16:26:06,32.206134,-98.19,172,4,0,0,0,0,154
5343,845,845,-3.2,97001,61.8,5.5,16:26:07,32.206138,-98.19,172,4,0,0,0,0,154
5343,846,846,-3,96999,61.8,5.5,16:26:08,32.206134,-98.19,172,4,0,0,0,0,154
5343,847,847,-3.2,97000,61.8,5.5,16:26:09,32.206124,-98.19,172,4,0,0,0,0,154
5343,848,848,-3.1,97000,61.8,5.5,16:26:10,32.206116,-98.19,172,4,0,0,0,0,154
5343,849,849,-3.2,97000,61.8,5.5,16:26:11,32.206112,-98.19008,172,4,0,0,0,0,154
5343,850,850,-3.2,97001,61.8,5.5,16:26:12,32.206112,-98.19008,172,4,0,0,0,0,154
5343,851,851,-3.1,97000,61.8,5.5,16:26:13,32.20612,-98.19008,172,4,0,0,0,0,154
5343,852,852,-3.1,97000,61.8,5.5,16:26:14,32.206134,-98.19008,172,4,0,0,0,0,154
5343,853,853,-3.1,96999,61.8,5.5,16:26:15,32.206138,-98.19008,172,4,0,0,0,0,154
5343,854,854,-3,96999,61.8,5.5,16:26:16,32.20615,-98.19008,172,4,0,0,0,0,154
5343,855,855,-3,96999,61.8,5.5,16:26:17,32.206158,-98.19008,172,4,0,0,0,0,154
5343,856,856,-2.9,96998,61.8,5.5,16:26:18,32.206154,-98.19008,172,4,0,0,0,0,154
5343,857,857,-3.1,97000,61.8,5.5,16:26:19,32.206154,-98.19,172,4,0,0,0,0,154
5343,858,858,-3.1,97000,61.8,5.5,16:26:20,32.20615,-98.19,172,4,0,0,0,0,154
5343,859,859,-3.2,97001,61.8,5.5,16:26:21,32.206146,-98.19,172,4,0,0,0,0,154
5343,860,860,-3.1,97000,61.8,5.5,16:26:22,32.206138,-98.19,172,4,0,0,0,0,154
5343,861,861,-3.1,97000,61.8,5.5,16:26:23,32.206134,-98.19,172,4,0,0,0,0,154
5343,862,862,-3,96998,61.8,5.5,16:26:24,32.20613,-98.18992,172,4,0,0,0,0,154
5343,863,863,-3,96998,61.8,5.5,16:26:25,32.20613,-98.18992,172,4,0,0,0,0,154
5343,864,864,-2.9,96998,61.8,5.5,16:26:26,32.206124,-98.18992,172,4,0,0,0,0,154
5343,865,865,-2.8,96997,61.8,5.5,16:26:27,32.20613,-98.18984,172,4,0,0,0,0,154
5343,866,866,-2.9,96998,61.8,5.5,16:26:28,32.206128,-98.18984,172,4,0,0,0,0,154
5343,867,867,-2.9,96997,61.8,5.5,16:26:29,32.206128,-98.18984,172,4,0,0,0,0,154
5343,868,868,-2.9,96998,61.8,5.5,16:26:30,32.206134,-98.18984,172,4,0,0,0,0,154
5343,869,869,-2.9,96997,61.8,5.5,16:26:31,32.206146,-98.18984,172,4,0,0,0,0,154
5343,870,870,-2.8,96997,61.8,5.5,16:26:32,32.206138,-98.18984,172,4,0,0,0,0,154
5343,871,871,-2.9,96998,61.8,5.5,16:26:33,32.206134,-98.18992,172,4,0,0,0,0,154
5343,872,872,-2.8,96997,61.8,5,16:26:34,32.206134,-98.18992,172,4,0,0,0,0,154
5343,873,873,-3,96999,61.8,5.5,16:26:35,32.206146,-98.18992,172,4,0,0,0,0,154
5343,874,874,-2.8,96997,61.8,5.5,16:26:36,32.206154,-98.18984,172,4,0,0,0,0,154
5343,875,875,-2.9,96997,61.8,5.5,16:26:37,32.206162,-98.18984,172,4,0,0,0,0,154
5343,876,876,-2.9,96998,61.8,5.5,16:26:38,32.20617,-98.18984,172,4,0,0,0,0,154
5343,877,877,-2.9,96998,61.8,5.5,16:26:39,32.206176,-98.18984,172,4,0,0,0,0,154
5343,878,878,-2.9,96997,61.8,5.5,16:26:40,32.206188,-98.18984,172,4,0,0,0,0,154
5343,879,879,-2.8,96997,61.8,5.5,16:26:41,32.206196,-98.18984,172,4,0,0,0,0,154
5343,880,880,-3.2,97001,61.8,5.5,16:26:41,32.206196,-98.18984,172,4,0,0,0,0,154
5343,881,881,-3,96999,61.8,5.5,16:26:42,32.206196,-98.18976,172,4,0,0,0,0,154
5343,882,882,-2.9,96998,61.8,5.5,16:26:43,32.2062,-98.18976,172,4,0,0,0,0,154
5343,883,883,-3,96999,61.8,5.5,16:26:44,32.206204,-98.18976,172,4,0,0,0,0,154
5343,884,884,-3,96999,61.8,5.5,16:26:45,32.206204,-98.18968,172,4,0,0,0,0,154
5343,885,885,-3,96998,61.8,5.5,16:26:46,32.206204,-98.18976,172,4,0,0,0,0,154
5343,886,886,-3,96999,61.8,5.5,16:26:47,32.206208,-98.18968,172,4,0,0,0,0,154
5343,887,887,-3,96999,61.8,5.5,16:26:48,32.206212,-98.18968,172,4,0,0,0,0,154
5343,888,888,-2.8,96997,61.8,5.5,16:26:49,32.206212,-98.18976,172,4,0,0,0,0,154
5343,889,889,-2.8,96997,61.8,5.5,16:26:50,32.206208,-98.18976,172,4,0,0,0,0,154
5343,890,890,-2.9,96998,61.8,5.5,16:26:51,32.206212,-98.18976,172,4,0,0,0,0,154
5343,891,891,-2.9,96998,61.8,5.5,16:26:52,32.206208,-98.18976,172,4,0,0,0,0,154
5343,892,892,-3.1,97000,61.8,5.5,16:26:53,32.206204,-98.18976,172,4,0,0,0,0,154
5343,893,893,-3,96999,61.8,5.5,16:26:54,32.2062,-98.18976,172,4,0,0,0,0,154
5343,894,894,-3.1,97000,61.8,5.5,16:26:55,32.206188,-98.18976,172,4,0,0,0,0,154
5343,895,895,-2.8,96997,61.8,5.5,16:26:56,32.206176,-98.18984,172,4,0,0,0,0,154
5343,896,896,-3.2,97000,61.8,5.5,16:26:57,32.206172,-98.18984,172,4,0,0,0,0,154
5343,897,897,-3.2,97001,61.8,5.5,16:26:58,32.206166,-98.18984,172,4,0,0,0,0,154
5343,898,898,-3.2,97001,61.8,5.5,16:26:59,32.206154,-98.18984,172,4,0,0,0,0,154
5343,899,899,-3.2,97001,61.8,5.5,16:27:00,32.206138,-98.18984,172,4,0,0,0,0,154
5343,900,900,-3.1,97000,61.8,5.5,16:27:01,32.206128,-98.18984,172,4,0,0,0,0,154
5343,901,901,-3.3,97002,61.8,5.5,16:27:02,32.206124,-98.18984,172,4,0,0,0,0,154
5343,902,902,-3.2,97001,61.8,5.5,16:27:03,32.206124,-98.18984,172,4,0,0,0,0,154
5343,903,903,-3.2,97001,61.8,5.5,16:27:04,32.20612,-98.18984,172,4,0,0,0,0,154
5343,904,904,-3.2,97001,61.8,5.5,16:27:05,32.206112,-98.18984,172,4,0,0,0,0,154
5343,905,905,-3.4,97002,61.8,5.5,16:27:06,32.206112,-98.18984,172,4,0,0,0,0,154
5343,906,906,-3.3,97002,61.8,5.5,16:27:07,32.206108,-98.18984,172,4,0,0,0,0,154
5343,907,907,-3.4,97003,61.8,5.5,16:27:08,32.206108,-98.18984,172,4,0,0,0,0,154
5343,908,908,-3.4,97003,61.8,5.5,16:27:09,32.206104,-98.18984,172,4,0,0,0,0,154
5343,909,909,-3.4,97002,61.8,5.5,16:27:10,32.2061,-98.18992,172,4,0,0,0,0,154
5343,910,910,-3.2,97001,61.8,5.5,16:27:11,32.2061,-98.18992,172,4,0,0,0,0,154
5343,911,911,-3.3,97002,61.8,5.5,16:27:12,32.206096,-98.18992,172,4,0,0,0,0,154
5343,912,912,-3.3,97002,61.8,5.5,16:27:13,32.206086,-98.18992,172,4,0,0,0,0,154
5343,913,913,-3.4,97003,61.8,5.5,16:27:14,32.206078,-98.19,172,4,0,0,0,0,154
5343,914,914,-3.2,97001,61.8,5.5,16:27:15,32.206078,-98.18992,172,4,0,0,0,0,154
5343,915,915,-3.1,97000,61.8,5.5,16:27:16,32.206074,-98.19,172,4,0,0,0,0,154
5343,916,916,-3.2,97001,61.8,5.5,16:27:17,32.206074,-98.19,172,4,0,0,0,0,154
5343,917,917,-3,96999,61.8,5.5,16:27:18,32.206082,-98.18992,172,4,0,0,0,0,154
5343,918,918,-3,96999,61.8,5.5,16:27:19,32.20607,-98.19,172,4,0,0,0,0,154
5343,919,919,-3,96999,61.8,5.5,16:27:20,32.206066,-98.19,172,4,0,0,0,0,154
5343,920,920,-3.2,97001,61.8,5.5,16:27:21,32.20607,-98.18992,172,4,0,0,0,0,154
5343,921,921,-3.2,97001,61.8,5.5,16:27:22,32.20607,-98.18992,172,4,0,0,0,0,154
5343,922,922,-3.1,97000,61.8,5.5,16:27:23,32.20607,-98.18992,172,4,0,0,0,0,154
5343,923,923,-3.2,97001,61.8,4.9,16:27:24,32.206074,-98.18992,172,4,0,0,0,0,154
5343,924,924,-3.3,97002,61.8,5.5,16:27:25,32.20607,-98.18992,172,4,0,0,0,0,154
5343,925,925,-3.3,97002,61.8,5.5,16:27:26,32.206062,-98.18992,172,4,0,0,0,0,154
5343,926,926,-3.3,97002,61.8,5.5,16:27:27,32.206058,-98.18992,172,4,0,0,0,0,154
5343,927,927,-3.1,97000,61.8,5.5,16:27:28,32.206058,-98.18992,172,4,0,0,0,0,154
5343,928,928,-3.2,97001,61.8,5.5,16:27:29,32.206058,-98.18992,172,4,0,0,0,0,154
5343,929,929,-3.1,97000,61.8,5.5,16:27:30,32.206054,-98.18984,172,4,0,0,0,0,154
5343,930,930,-3.4,97003,61.8,5.5,16:27:31,32.206048,-98.18984,172,4,0,0,0,0,154
5343,931,931,-3.3,97002,61.8,5.5,16:27:32,32.206044,-98.18984,172,4,0,0,0,0,154
5343,932,932,-3.4,97003,61.8,5.5,16:27:33,32.206036,-98.18992,172,4,0,0,0,0,154
5343,933,933,-3.4,97003,61.8,5.5,16:27:34,32.206032,-98.18992,172,4,0,0,0,0,154
5343,934,934,-3.3,97002,61.8,5.5,16:27:35,32.206024,-98.18984,172,4,0,0,0,0,154
5343,935,935,-3.3,97002,61.8,5.5,16:27:36,32.206028,-98.18984,172,4,0,0,0,0,154
5343,936,936,-3.4,97003,61.8,5.3,16:27:37,32.20604,-98.18976,172,4,0,0,0,0,154
5343,937,937,-3.4,97003,61.8,5.5,16:27:38,32.20604,-98.18976,172,4,0,0,0,0,154
5343,938,938,-3.1,97000,61.8,5.5,16:27:39,32.20604,-98.18976,172,4,0,0,0,0,154
5343,939,939,-3.1,96999,61.8,5.5,16:27:40,32.206044,-98.18976,172,4,0,0,0,0,154
5343,940,940,-3.1,97000,61.8,5.5,16:27:41,32.206048,-98.18976,172,4,0,0,0,0,154
5343,941,941,-2.3,96992,61.8,4.5,16:27:42,32.20605,-98.18976,172,4,0,0,0,0,154
5343,942,942,-3.3,97002,61.8,5.5,16:27:43,32.20605,-98.18976,172,4,0,0,0,0,154
5343,943,943,-3.2,97001,61.8,5.5,16:27:44,32.206048,-98.18976,172,4,0,0,0,0,154
5343,944,944,-3.3,97002,61.8,5.5,16:27:45,32.206044,-98.18976,172,4,0,0,0,0,154
5343,945,945,-3,96998,61.8,5.5,16:27:46,32.206044,-98.18976,172,4,0,0,0,0,154
5343,946,946,-3,96999,61.8,5.5,16:27:47,32.206032,-98.18976,172,4,0,0,0,0,154
5343,947,947,-2.7,96995,61.8,5.5,16:27:48,32.206028,-98.18984,172,4,0,0,0,0,154
5343,948,948,-2.9,96997,61.8,5.5,16:27:49,32.206028,-98.18984,172,4,0,0,0,0,154
5343,949,949,-2.9,96998,61.8,5.5,16:27:50,32.206024,-98.18984,172,4,0,0,0,0,154
5343,950,950,-2.8,96996,61.8,5.5,16:27:51,32.20602,-98.18984,172,4,0,0,0,0,154
5343,951,951,-2.9,96998,61.8,5.5,16:27:52,32.20602,-98.18984,172,4,0,0,0,0,154
5343,952,952,-3.5,97004,61.8,5.5,16:27:53,32.206016,-98.18992,172,4,0,0,0,0,154
5343,953,953,-3.6,97005,61.8,5.5,16:27:54,32.206016,-98.18992,172,4,0,0,0,0,154
5343,954,954,-3.5,97004,61.8,5.5,16:27:55,32.206016,-98.18984,172,4,0,0,0,0,154
5343,955,955,-3.6,97005,61.8,5.5,16:27:56,32.20602,-98.18984,172,4,0,0,0,0,154
5343,956,956,-3.6,97005,61.8,5.5,16:27:57,32.206028,-98.18984,172,4,0,0,0,0,154
5343,957,957,-3.6,97005,61.8,5.5,16:27:58,32.206036,-98.18984,172,4,0,0,0,0,154
5343,958,958,-3.7,97006,61.8,5.5,16:27:59,32.20604,-98.18984,172,4,0,0,0,0,154
5343,959,959,-3.8,97007,61.8,5.5,16:28:00,32.206044,-98.18984,172,4,0,0,0,0,154
5343,960,960,-3.8,97007,61.8,5.5,16:28:01,32.20605,-98.18976,172,4,0,0,0,0,154
5343,961,961,-3.9,97009,61.8,5.5,16:28:02,32.206054,-98.18976,172,4,0,0,0,0,154
5343,962,962,-3.8,97007,61.8,5.5,16:28:03,32.206058,-98.18976,172,4,0,0,0,0,154
5343,963,963,-3.8,97007,61.8,5.5,16:28:04,32.206048,-98.18984,172,4,0,0,0,0,154
5343,964,964,-4,97009,61.8,5.5,16:28:05,32.206048,-98.18984,172,4,0,0,0,0,154
5343,965,965,-3.8,97007,61.8,5.5,16:28:06,32.20605,-98.18984,172,4,0,0,0,0,154
5343,966,966,-3.7,97006,61.8,5.5,16:28:07,32.20605,-98.18984,172,4,0,0,0,0,154
5343,967,967,-3.7,97006,61.8,5.5,16:28:08,32.20605,-98.18984,172,4,0,0,0,0,154
5343,968,968,-4,97009,61.8,5.5,16:28:09,32.206058,-98.18984,172,4,0,0,0,0,154
5343,969,969,-3.6,97005,61.8,5.5,16:28:09,32.206058,-98.18976,172,4,0,0,0,0,154
5343,970,970,-3.7,97006,61.8,5.5,16:28:10,32.206066,-98.18976,172,4,0,0,0,0,154
5343,971,971,-3.6,97005,61.8,5.5,16:28:11,32.206066,-98.18976,172,4,0,0,0,0,154
5343,972,972,-3.8,97007,61.8,5.5,16:28:12,32.206062,-98.18976,172,4,0,0,0,0,154
5343,973,973,-3.8,97007,61.8,5.5,16:28:13,32.206062,-98.18976,172,4,0,0,0,0,154
5343,974,974,-3.5,97004,61.8,5.5,16:28:14,32.206062,-98.18976,172,4,0,0,0,0,154
5343,975,975,-3.6,97005,61.8,5.5,16:28:15,32.206062,-98.18976,172,4,0,0,0,0,154
5343,976,976,-3.6,97005,61.8,5.5,16:28:16,32.206062,-98.18976,172,4,0,0,0,0,154
5343,977,977,-3.7,97006,61.8,5.5,16:28:17,32.206044,-98.18984,172,4,0,0,0,0,154
5343,978,978,-3.5,97004,61.8,5.5,16:28:18,32.20604,-98.18984,172,4,0,0,0,0,154
5343,979,979,-3.5,97004,61.8,5.5,16:28:19,32.206044,-98.18984,172,4,0,0,0,0,154
5343,980,980,-3.5,97003,61.8,5.5,16:28:20,32.206044,-98.18984,172,4,0,0,0,0,154
5343,981,981,-3.3,97002,61.8,5.5,16:28:21,32.206044,-98.18976,172,4,0,0,0,0,154
5343,982,982,-3.2,97001,61.8,5.5,16:28:22,32.206048,-98.18976,172,4,0,0,0,0,154
5343,983,983,-3.2,97001,61.8,5.5,16:28:23,32.206048,-98.18976,172,4,0,0,0,0,154
5343,984,984,-3.5,97004,61.8,5.5,16:28:24,32.206044,-98.18976,172,4,0,0,0,0,154
5343,985,985,-3.5,97004,61.8,5.5,16:28:25,32.206044,-98.18976,172,4,0,0,0,0,154
5343,986,986,-3.4,97003,61.8,5.5,16:28:26,32.20604,-98.18976,172,4,0,0,0,0,154
5343,987,987,-3.3,97002,61.8,5.5,16:28:27,32.206036,-98.18976,172,4,0,0,0,0,154
5343,988,988,-3.4,97003,61.8,5.5,16:28:28,32.206032,-98.18976,172,4,0,0,0,0,154
5343,989,989,-3.3,97002,61.8,5.5,16:28:29,32.20602,-98.18976,172,4,0,0,0,0,154
5343,990,990,-3.6,97005,61.8,5.5,16:28:30,32.206008,-98.18984,172,4,0,0,0,0,154
5343,991,991,-3.5,97004,61.8,5.5,16:28:31,32.205998,-98.18984,172,4,0,0,0,0,154
5343,992,992,-3.5,97004,61.8,5.5,16:28:32,32.20599,-98.18984,172,4,0,0,0,0,154
5343,993,993,-3.4,97003,61.8,5.5,16:28:33,32.205986,-98.18984,172,4,0,0,0,0,154
5343,994,994,-3.4,97003,61.8,5.5,16:28:34,32.205982,-98.18992,172,4,0,0,0,0,154
5343,995,995,-3.2,97001,61.8,5.5,16:28:35,32.205978,-98.18992,172,4,0,0,0,0,154
5343,996,996,-3.5,97004,61.8,5.5,16:28:36,32.205974,-98.18992,172,4,0,0,0,0,154
5343,997,997,-3.3,97002,61.8,5.5,16:28:37,32.205974,-98.18984,172,4,0,0,0,0,154
5343,998,998,-3.7,97006,61.8,5.5,16:28:38,32.205974,-98.18984,172,4,0,0,0,0,154
5343,999,999,-3.7,97006,61.8,5.5,16:28:39,32.205974,-98.18984,172,4,0,0,0,0,154
5343,1000,1000,-3.7,97006,61.8,5.5,16:28:40,32.20597,-98.18992,173,4,0,0,0,0,154
5343,1001,1001,-3.7,97006,61.8,5.5,16:28:41,32.20597,-98.18992,173,4,0,0,0,0,154
5343,1002,1002,-3.7,97006,61.8,5.5,16:28:42,32.20597,-98.18992,173,4,0,0,0,0,154
5343,1003,1003,-3.7,97006,61.8,5.5,16:28:43,32.205974,-98.18992,173,4,0,0,0,0,154
5343,1004,1004,-3.8,97007,61.8,5.5,16:28:44,32.20597,-98.18992,173,4,0,0,0,0,154
5343,1005,1005,-3.7,97006,61.8,5.5,16:28:45,32.20597,-98.18992,173,4,0,0,0,0,154
5343,1006,1006,-3.7,97006,61.8,5.5,16:28:46,32.205966,-98.18992,173,4,0,0,0,0,154
5343,1007,1007,-3.6,97005,61.8,5.5,16:28:47,32.20597,-98.18992,173,4,0,0,0,0,154
5343,1008,1008,-3.8,97007,61.8,5.5,16:28:48,32.205974,-98.18992,173,4,0,0,0,0,154
5343,1009,1009,-3.6,97005,61.8,5.5,16:28:49,32.205974,-98.18984,173,4,0,0,0,0,154
5343,1010,1010,-3.6,97005,61.8,5.5,16:28:50,32.205974,-98.18984,173,4,0,0,0,0,154
5343,1011,1011,-3.7,97006,61.8,5.5,16:28:51,32.20597,-98.18984,173,4,0,0,0,0,154
5343,1012,1012,-3.4,97003,61.8,5.5,16:28:52,32.20597,-98.18984,173,4,0,0,0,0,154
5343,1013,1013,-3.5,97003,61.8,5.5,16:28:53,32.205966,-98.18984,173,4,0,0,0,0,154
5343,1014,1014,-3.6,97005,61.8,5.5,16:28:54,32.205966,-98.18984,173,4,0,0,0,0,154
5343,1015,1015,-3.6,97005,61.8,5.5,16:28:55,32.205964,-98.18984,173,4,0,0,0,0,154
5343,1016,1016,-3.5,97004,61.8,5.5,16:28:56,32.20596,-98.18984,173,4,0,0,0,0,154
5343,1017,1017,-3.6,97005,61.8,5.5,16:28:57,32.205956,-98.18984,173,4,0,0,0,0,154
5343,1018,1018,-3.5,97003,61.8,5.5,16:28:58,32.205948,-98.18984,173,4,0,0,0,0,154
5343,1019,1019,-3.5,97004,61.8,5.5,16:28:59,32.205944,-98.18984,173,4,0,0,0,0,154
5343,1020,1020,-3.7,97006,61.8,5.5,16:29:00,32.20594,-98.18984,173,4,0,0,0,0,154
5343,1021,1021,-3.7,97006,61.8,5.5,16:29:01,32.20594,-98.18984,173,4,0,0,0,0,154
5343,1022,1022,-3.6,97005,61.8,5.5,16:29:02,32.20594,-98.18984,173,4,0,0,0,0,154
5343,1023,1023,-3.7,97006,61.8,5.5,16:29:03,32.20594,-98.18992,173,4,0,0,0,0,154
5343,1024,1024,-3.8,97007,61.8,5.5,16:29:04,32.205936,-98.18992,173,4,0,0,0,0,154
5343,1025,1025,-3.7,97006,61.8,5.5,16:29:05,32.205932,-98.18992,173,4,0,0,0,0,154
5343,1026,1026,-3.8,97007,61.8,5.5,16:29:06,32.205924,-98.18992,173,4,0,0,0,0,154
5343,1027,1027,-3.7,97006,61.8,5.5,16:29:07,32.205924,-98.18992,173,4,0,0,0,0,154
5343,1028,1028,-3.6,97005,61.8,5.5,16:29:08,32.205922,-98.19,173,4,0,0,0,0,154
5343,1029,1029,-3.9,97008,61.8,5.5,16:29:09,32.205918,-98.19,173,4,0,0,0,0,154
5343,1030,1030,-3.9,97008,61.8,5.5,16:29:10,32.205918,-98.19,173,4,0,0,0,0,154
5343,1031,1031,-3.9,97008,61.8,5.5,16:29:11,32.205918,-98.19,173,4,0,0,0,0,154
5343,1032,1032,-3.9,97009,61.8,5.5,16:29:12,32.205918,-98.19,173,4,0,0,0,0,154
5343,1033,1033,-4,97009,61.8,5.5,16:29:13,32.205918,-98.19,173,4,0,0,0,0,154
5343,1034,1034,-4,97009,61.8,5.5,16:29:14,32.205918,-98.19,173,4,0,0,0,0,154
5343,1035,1035,-3.8,97007,61.8,5.5,16:29:15,32.205918,-98.19,173,4,0,0,0,0,154
5343,1036,1036,-3.9,97008,61.8,5.5,16:29:16,32.205924,-98.19,173,4,0,0,0,0,154
5343,1037,1037,-3.8,97007,61.8,5.5,16:29:17,32.205928,-98.19,173,4,0,0,0,0,154
5343,1038,1038,-3.6,97005,61.8,5.5,16:29:18,32.205928,-98.19,173,4,0,0,0,0,154
5343,1039,1039,-4,97009,61.8,5.5,16:29:19,32.205936,-98.18992,173,4,0,0,0,0,154
5343,1040,1040,-3.9,97008,61.8,5.5,16:29:20,32.205944,-98.18992,173,4,0,0,0,0,154
5343,1041,1041,-4.1,97010,61.8,5.5,16:29:21,32.205948,-98.18984,173,4,0,0,0,0,154
5343,1042,1042,-3.7,97006,61.8,5.5,16:29:22,32.205952,-98.18984,173,4,0,0,0,0,154
5343,1043,1043,-3.7,97006,61.8,5.5,16:29:23,32.205956,-98.18984,173,4,0,0,0,0,154
5343,1044,1044,-3.5,97004,61.8,5.5,16:29:24,32.205964,-98.18984,173,4,0,0,0,0,154
5343,1045,1045,-3.7,97006,61.8,5.5,16:29:25,32.205964,-98.18976,173,4,0,0,0,0,154
5343,1046,1046,-3.7,97006,61.8,5.5,16:29:26,32.205964,-98.18976,173,4,0,0,0,0,154
5343,1047,1047,-3.9,97008,61.8,5.5,16:29:27,32.205964,-98.18984,173,4,0,0,0,0,154
5343,1048,1048,-3.7,97006,61.8,5.5,16:29:28,32.20596,-98.18984,173,4,0,0,0,0,154
5343,1049,1049,-4,97009,61.8,5.5,16:29:29,32.205964,-98.18984,173,4,0,0,0,0,154
5343,1050,1050,-4.1,97010,61.8,5.5,16:29:30,32.205964,-98.18984,173,4,0,0,0,0,154
5343,1051,1051,-4,97009,61.8,5.5,16:29:31,32.205964,-98.18984,173,4,0,0,0,0,154
5343,1052,1052,-4,97009,61.8,5.5,16:29:32,32.205964,-98.18984,173,4,0,0,0,0,154
5343,1053,1053,-3.8,97007,61.8,5.5,16:29:33,32.205964,-98.18984,173,4,0,0,0,0,154
5343,1054,1054,-3.8,97007,61.8,5.5,16:29:34,32.205966,-98.18984,173,4,0,0,0,0,154
5343,1055,1055,-3.9,97008,61.8,5.5,16:29:35,32.20597,-98.18984,173,4,0,0,0,0,154
5343,1056,1056,-3.9,97008,61.8,5.5,16:29:36,32.205964,-98.18984,173,4,0,0,0,0,154
5343,1057,1057,-3.6,97005,61.8,5.5,16:29:37,32.205964,-98.18984,173,4,0,0,0,0,154
5343,1058,1058,-3.9,97008,61.8,5.5,16:29:38,32.205948,-98.18984,173,4,0,0,0,0,154
5343,1059,1059,-3.7,97006,61.8,5.5,16:29:39,32.20594,-98.18984,173,4,0,0,0,0,154
5343,1060,1060,-3.6,97005,61.8,5.5,16:29:40,32.205932,-98.18984,173,4,0,0,0,0,154
5343,1061,1061,-3.8,97007,61.8,5.5,16:29:40,32.205932,-98.18984,173,4,0,0,0,0,154
5343,1062,1062,-3.7,97006,61.8,5.5,16:29:41,32.205922,-98.18992,173,4,0,0,0,0,154
5343,1063,1063,-3.6,97005,61.8,5.5,16:29:42,32.205922,-98.18992,173,4,0,0,0,0,154
5343,1064,1064,-3.6,97005,61.8,5.5,16:29:43,32.205914,-98.18992,173,4,0,0,0,0,154
5343,1065,1065,-3.5,97004,61.8,5.5,16:29:44,32.205914,-98.18992,173,4,0,0,0,0,154
5343,1066,1066,-3.7,97006,61.8,5.5,16:29:45,32.20591,-98.19,173,4,0,0,0,0,154
5343,1067,1067,-3.5,97004,61.8,5.5,16:29:46,32.20591,-98.19,173,4,0,0,0,0,154
5343,1068,1068,-3.7,97006,61.8,5.5,16:29:47,32.205906,-98.19,173,4,0,0,0,0,154
5343,1069,1069,-3.7,97006,61.8,5.5,16:29:48,32.205906,-98.19,173,4,0,0,0,0,154
5343,1070,1070,-3.6,97005,61.8,5.5,16:29:49,32.205906,-98.19,173,4,0,0,0,0,154
5343,1071,1071,-3.7,97006,61.8,5.5,16:29:50,32.205906,-98.19,173,4,0,0,0,0,154
5343,1072,1072,-3.6,97005,61.8,5.5,16:29:51,32.205906,-98.19,173,4,0,0,0,0,154
5343,1073,1073,-3.5,97004,61.8,5.5,16:29:52,32.205906,-98.19,173,4,0,0,0,0,154
5343,1074,1074,-3.6,97005,61.8,5.5,16:29:53,32.205898,-98.19,173,4,0,0,0,0,154
5343,1075,1075,-3.5,97004,61.8,5.5,16:29:54,32.205902,-98.19,173,4,0,0,0,0,154
5343,1076,1076,-3.6,97005,61.8,5.5,16:29:55,32.205902,-98.19,173,4,0,0,0,0,154
5343,1077,1077,-3.6,97004,61.8,5.5,16:29:56,32.205902,-98.19008,173,4,0,0,0,0,154
5343,1078,1078,-3.4,97003,61.8,5.5,16:29:57,32.205902,-98.19008,173,4,0,0,0,0,154
5343,1079,1079,-3.5,97004,61.8,5.5,16:29:58,32.205906,-98.19008,173,4,0,0,0,0,154
5343,1080,1080,-3.4,97003,61.8,5.5,16:29:59,32.205902,-98.19008,173,4,0,0,0,0,154
5343,1081,1081,-3.1,97000,61.8,5.5,16:30:00,32.205898,-98.19008,173,4,0,0,0,0,154
5343,1082,1082,-3.2,97001,61.8,5.5,16:30:01,32.205898,-98.19008,173,4,0,0,0,0,154
5343,1083,1083,-3.3,97001,61.8,5.5,16:30:02,32.20589,-98.19008,173,4,0,0,0,0,154
5343,1084,1084,-3.6,97005,61.8,5.5,16:30:03,32.205894,-98.19016,173,4,0,0,0,0,154
5343,1085,1085,-3.9,97008,61.8,5.5,16:30:04,32.20589,-98.19016,173,4,0,0,0,0,154
5343,1086,1086,-3.7,97006,61.8,5.5,16:30:05,32.20589,-98.19016,173,4,0,0,0,0,154
5343,1087,1087,-3.7,97006,61.8,5.3,16:30:06,32.205886,-98.19016,173,4,0,0,0,0,154
5343,1088,1088,-3.6,97005,61.8,5.5,16:30:07,32.205886,-98.19016,173,4,0,0,0,0,154
5343,1089,1089,-3.8,97007,61.8,5.5,16:30:08,32.205886,-98.19016,173,4,0,0,0,0,154
5343,1090,1090,-3.7,97006,61.8,5.5,16:30:09,32.205886,-98.19016,173,4,0,0,0,0,154
5343,1091,1091,-3.8,97007,61.8,5.5,16:30:10,32.205886,-98.19016,173,4,0,0,0,0,154
5343,1092,1092,-3.9,97008,61.8,5.5,16:30:11,32.205886,-98.19016,173,4,0,0,0,0,154
5343,1093,1093,-3.7,97006,61.8,5.5,16:30:12,32.205886,-98.19016,173,4,0,0,0,0,154
5343,1094,1094,-3.7,97006,61.8,5.5,16:30:13,32.205886,-98.19016,173,4,0,0,0,0,154
5343,1095,1095,-3.2,97001,61.8,5.5,16:30:14,32.205886,-98.19016,173,4,0,0,0,0,154
5343,1096,1096,-4,97009,61.8,5.5,16:30:15,32.20589,-98.19016,173,4,0,0,0,0,154
5343,1097,1097,-3.8,97007,61.8,5.5,16:30:16,32.205898,-98.19016,173,4,0,0,0,0,154
5343,1098,1098,-3.9,97008,61.8,5.5,16:30:17,32.205898,-98.19008,173,4,0,0,0,0,154
5343,1099,1099,-3.8,97007,61.8,5.5,16:30:18,32.205906,-98.19008,173,4,0,0,0,0,154
5343,1100,1100,-3.6,97005,61.8,5.5,16:30:19,32.205914,-98.19008,173,4,0,0,0,0,154
5343,1101,1101,-3.7,97006,61.8,5.5,16:30:20,32.20591,-98.19008,173,4,0,0,0,0,154
5343,1102,1102,-3.8,97008,61.8,5.5,16:30:21,32.20591,-98.19008,173,4,0,0,0,0,154
5343,1103,1103,-3.6,97005,61.8,5.5,16:30:22,32.20591,-98.19008,173,4,0,0,0,0,154
5343,1104,1104,-3.9,97008,61.8,5.5,16:30:23,32.205906,-98.19016,173,4,0,0,0,0,154
5343,1105,1105,-3.8,97007,61.8,5.5,16:30:24,32.205906,-98.19016,173,3,0,0,0,0,154
5343,1106,1106,-3.9,97008,61.8,5.5,16:30:25,32.205898,-98.19016,173,4,0,0,0,0,154
5343,1107,1107,-4,97009,61.8,5.5,16:30:26,32.205898,-98.19016,173,4,0,0,0,0,154
5343,1108,1108,-3.7,97006,61.8,5.5,16:30:27,32.205894,-98.19016,173,4,0,0,0,0,154
5343,1109,1109,-3.6,97005,61.8,5.5,16:30:28,32.20589,-98.19016,173,4,0,0,0,0,154
5343,1110,1110,-3.7,97006,61.8,5.5,16:30:29,32.205886,-98.19016,173,4,0,0,0,0,154
5343,1111,1111,-3.7,97006,61.8,5.5,16:30:30,32.205886,-98.19016,173,3,0,0,0,0,154
5343,1112,1112,-3.3,97002,61.8,5.5,16:30:31,32.20589,-98.19016,173,4,0,0,0,0,154
5343,1113,1113,-3.2,97001,61.8,5.5,16:30:32,32.20589,-98.19016,173,4,0,0,0,0,154
5343,1114,1114,-3.5,97004,61.8,5.5,16:30:33,32.20589,-98.19016,173,4,0,0,0,0,154
5343,1115,1115,-3.4,97003,61.8,5.5,16:30:34,32.20589,-98.19016,173,4,0,0,0,0,154
5343,1116,1116,-3.4,97003,61.8,5.5,16:30:35,32.20588,-98.19024,173,4,0,0,0,0,154
5343,1117,1117,-3.7,97006,61.8,5.5,16:30:36,32.20588,-98.19024,173,4,0,0,0,0,154
5343,1118,1118,-3.6,97005,61.8,5.5,16:30:37,32.205876,-98.19024,173,4,0,0,0,0,154
5343,1119,1119,-3.6,97005,61.8,5.5,16:30:38,32.20588,-98.19024,173,4,0,0,0,0,154
5343,1120,1120,-3.7,97006,61.8,5.5,16:30:39,32.20588,-98.19024,173,4,0,0,0,0,154
5343,1121,1121,-3.7,97006,61.8,5.5,16:30:40,32.205884,-98.19024,173,4,0,0,0,0,154
5343,1122,1122,-3.7,97006,61.8,5.5,16:30:41,32.205884,-98.19024,173,4,0,0,0,0,154
5343,1123,1123,-3.8,97007,61.8,5.5,16:30:42,32.205886,-98.19024,173,4,0,0,0,0,154
5343,1124,1124,-3.6,97005,61.8,5.5,16:30:43,32.205884,-98.19024,173,4,0,0,0,0,154
5343,1125,1125,-3.9,97008,61.8,5.5,16:30:44,32.205884,-98.19024,173,4,0,0,0,0,154
5343,1126,1126,-3.9,97008,61.8,5.5,16:30:45,32.20588,-98.19024,173,4,0,0,0,0,154
5343,1127,1127,-4,97009,61.8,5.5,16:30:46,32.205884,-98.19024,173,4,0,0,0,0,154
5343,1128,1128,-3.8,97007,61.8,5.5,16:30:47,32.205884,-98.19024,173,4,0,0,0,0,154
5343,1129,1129,-3.7,97006,61.8,5.5,16:30:48,32.205894,-98.19024,173,4,0,0,0,0,154
5343,1130,1130,-3.8,97007,61.8,5.5,16:30:49,32.205902,-98.19016,173,4,0,0,0,0,154
5343,1131,1131,-4.1,97010,61.8,5.5,16:30:50,32.205902,-98.19016,173,4,0,0,0,0,154
5343,1132,1132,-3.8,97007,61.8,5.5,16:30:51,32.205906,-98.19016,173,4,0,0,0,0,154
5343,1133,1133,-3.8,97007,61.8,5.5,16:30:52,32.205906,-98.19016,173,4,0,0,0,0,154
5343,1134,1134,-3.6,97005,61.8,5.5,16:30:53,32.205906,-98.19016,173,4,0,0,0,0,154
5343,1135,1135,-3.9,97008,61.8,5.5,16:30:54,32.20591,-98.19016,173,4,0,0,0,0,154
5343,1136,1136,-3.8,97007,61.8,5.5,16:30:55,32.205914,-98.19016,173,4,0,0,0,0,154
5343,1137,1137,-4,97009,61.8,5.5,16:30:56,32.205914,-98.19016,173,4,0,0,0,0,154
5343,1138,1138,-3.8,97007,61.8,5.5,16:30:57,32.205914,-98.19016,173,4,0,0,0,0,154
5343,1139,1139,-4,97009,61.8,5.5,16:30:58,32.205918,-98.19016,173,4,0,0,0,0,154
5343,1140,1140,-4.1,97010,61.8,5.5,16:30:59,32.205924,-98.19016,173,4,0,0,0,0,154
5343,1141,1141,-4.1,97010,61.8,5.5,16:31:00,32.205922,-98.19016,173,4,0,0,0,0,154
5343,1142,1142,-4,97009,61.8,5.5,16:31:01,32.205918,-98.19016,174,4,0,0,0,0,154
5343,1143,1143,-4,97009,61.8,5.5,16:31:02,32.205914,-98.19016,174,4,0,0,0,0,154
5343,1144,1144,-4,97009,61.8,5.5,16:31:03,32.205914,-98.19016,174,4,0,0,0,0,154
5343,1145,1145,-4,97009,61.8,5.5,16:31:04,32.205914,-98.19024,174,4,0,0,0,0,154
5343,1146,1146,-3.9,97008,61.8,5.5,16:31:05,32.205914,-98.19024,174,4,0,0,0,0,154
5343,1147,1147,-3.8,97007,61.8,5.5,16:31:06,32.205914,-98.19024,174,4,0,0,0,0,154
5343,1148,1148,-3.9,97008,61.8,5.5,16:31:07,32.205922,-98.19024,174,4,0,0,0,0,154
5343,1149,1149,-3.9,97008,61.8,5.5,16:31:08,32.205924,-98.19016,174,4,0,0,0,0,154
5343,1150,1150,-3.8,97007,61.8,5.5,16:31:09,32.205928,-98.19016,174,4,0,0,0,0,154
5343,1151,1151,-3.9,97008,61.8,5.5,16:31:10,32.205932,-98.19008,174,4,0,0,0,0,154
5343,1152,1152,-3.7,97006,61.8,5.5,16:31:11,32.205936,-98.19008,174,4,0,0,0,0,154
5343,1153,1153,-3.8,97007,61.8,5.5,16:31:11,32.205936,-98.19008,174,4,0,0,0,0,154
5343,1154,1154,-3.7,97006,61.8,5.5,16:31:12,32.20594,-98.19008,174,4,0,0,0,0,154
5343,1155,1155,-4,97009,61.8,5.5,16:31:13,32.205944,-98.19008,174,4,0,0,0,0,154
5343,1156,1156,-3.9,97008,61.8,5.5,16:31:14,32.205952,-98.19,174,4,0,0,0,0,154
5343,1157,1157,-3.7,97006,61.8,5.5,16:31:15,32.205952,-98.19,174,4,0,0,0,0,154
5343,1158,1158,-3.9,97008,61.8,5.5,16:31:16,32.205952,-98.19,174,4,0,0,0,0,154
5343,1159,1159,-3.9,97008,61.8,5.5,16:31:17,32.205944,-98.19,174,4,0,0,0,0,154
5343,1160,1160,-3.8,97007,61.8,5.5,16:31:18,32.205952,-98.19,174,4,0,0,0,0,154
5343,1161,1161,-3.9,97008,61.8,5.5,16:31:19,32.205952,-98.19,174,4,0,0,0,0,154
5343,1162,1162,-3.8,97007,61.8,5.5,16:31:20,32.205944,-98.19,174,4,0,0,0,0,154
5343,1163,1163,-3.7,97006,61.8,5.5,16:31:21,32.205944,-98.19,174,4,0,0,0,0,154
5343,1164,1164,-3.8,97008,61.8,5.5,16:31:22,32.20594,-98.19,174,4,0,0,0,0,154
5343,1165,1165,-4,97009,61.8,5.5,16:31:23,32.20594,-98.19,174,4,0,0,0,0,154
5343,1166,1166,-3.7,97006,61.8,5.5,16:31:24,32.20594,-98.19,174,4,0,0,0,0,154
5343,1167,1167,-3.8,97007,61.8,5.5,16:31:25,32.20594,-98.19008,174,4,0,0,0,0,154
5343,1168,1168,-3.9,97008,61.8,5.5,16:31:26,32.20594,-98.19008,174,4,0,0,0,0,154
5343,1169,1169,-4,97009,61.8,5.5,16:31:27,32.205952,-98.19,174,4,0,0,0,0,154
5343,1170,1170,-3.9,97009,61.8,5.5,16:31:28,32.205956,-98.19,174,4,0,0,0,0,154
5343,1171,1171,-4,97009,61.8,5.5,16:31:29,32.205964,-98.19,174,4,0,0,0,0,154
5343,1172,1172,-3.8,97007,61.8,5.5,16:31:30,32.205964,-98.19,174,4,0,0,0,0,154
5343,1173,1173,-3.5,97004,61.8,5.5,16:31:31,32.20596,-98.19,174,4,0,0,0,0,154
5343,1174,1174,-3.4,97003,61.8,5.5,16:31:32,32.205956,-98.19,174,4,0,0,0,0,154
5343,1175,1175,-3.3,97002,61.8,5.5,16:31:33,32.205948,-98.19008,174,4,0,0,0,0,154
5343,1176,1176,-3.2,97001,61.8,5.5,16:31:34,32.205948,-98.19008,174,4,0,0,0,0,154
5343,1177,1177,-3.4,97003,61.8,5.5,16:31:35,32.205944,-98.19016,175,4,0,0,0,0,154
5343,1178,1178,-3.4,97003,61.8,5.5,16:31:36,32.205944,-98.19008,175,4,0,0,0,0,154
5343,1179,1179,-3.6,97005,61.8,5.5,16:31:37,32.20594,-98.19008,175,4,0,0,0,0,154
5343,1180,1180,-3.5,97004,61.8,5.5,16:31:38,32.20594,-98.19008,175,4,0,0,0,0,154
5343,1181,1181,-3.5,97004,61.8,5.5,16:31:39,32.20594,-98.19008,175,4,0,0,0,0,154
5343,1182,1182,-3.4,97003,61.8,5.5,16:31:40,32.205948,-98.19,175,4,0,0,0,0,154
5343,1183,1183,-3.5,97004,61.8,5.5,16:31:41,32.205952,-98.19,175,4,0,0,0,0,154
5343,1184,1184,-3.3,97002,61.8,5.5,16:31:42,32.205948,-98.19,175,4,0,0,0,0,154
5343,1185,1185,-4,97009,61.8,5.5,16:31:43,32.205952,-98.19,175,4,0,0,0,0,154
5343,1186,1186,-3.9,97008,61.8,5.5,16:31:44,32.205948,-98.19,175,4,0,0,0,0,154
5343,1187,1187,-3.8,97007,61.8,5.5,16:31:45,32.205944,-98.19,175,4,0,0,0,0,154
5343,1188,1188,-3.5,97004,61.8,5.5,16:31:46,32.205944,-98.19008,175,4,0,0,0,0,154
5343,1189,1189,-3.8,97007,61.8,5.5,16:31:47,32.205944,-98.19008,175,4,0,0,0,0,154
5343,1190,1190,-3.7,97006,61.8,5.5,16:31:48,32.205944,-98.19,175,4,0,0,0,0,154
5343,1191,1191,-3.8,97008,61.8,5.5,16:31:49,32.20594,-98.19,175,4,0,0,0,0,154
5343,1192,1192,-4,97009,61.8,5.5,16:31:50,32.20594,-98.19,175,4,0,0,0,0,154
5343,1193,1193,-3.8,97008,61.8,5.5,16:31:51,32.20594,-98.19,175,4,0,0,0,0,154
5343,1194,1194,-3.9,97008,61.8,5.5,16:31:52,32.20594,-98.19,175,4,0,0,0,0,154
5343,1195,1195,-3.5,97004,61.8,5.5,16:31:53,32.20594,-98.19,175,4,0,0,0,0,154
5343,1196,1196,-3.3,97002,61.8,5.5,16:31:54,32.20594,-98.19,175,4,0,0,0,0,154
5343,1197,1197,-3.4,97002,61.8,5.5,16:31:55,32.20594,-98.19,175,4,0,0,0,0,154
5343,1198,1198,-3.5,97004,61.8,5.5,16:31:56,32.20594,-98.19,175,4,0,0,0,0,154
5343,1199,1199,-4,97009,61.8,5.5,16:31:57,32.20594,-98.19,175,4,0,0,0,0,154
5343,1200,1200,-3.9,97008,61.8,5.5,16:31:58,32.20594,-98.19,175,4,0,0,0,0,154
5343,1201,1201,-3.8,97007,61.8,5.5,16:31:59,32.20594,-98.19,175,4,0,0,0,0,154
5343,1202,1202,-3.7,97006,61.8,5.5,16:32:00,32.20594,-98.19,175,4,0,0,0,0,154
5343,1203,1203,-3.8,97007,61.8,5.5,16:32:01,32.20594,-98.19,175,5,0,0,0,0,154
5343,1204,1204,-3.7,97006,61.8,5.5,16:32:02,32.205936,-98.19,175,5,0,0,0,0,154
5343,1205,1205,-3.6,97005,61.8,5.5,16:32:03,32.205936,-98.19,175,5,0,0,0,0,154
5343,1206,1206,-3.9,97008,61.8,5.5,16:32:04,32.205936,-98.19,175,5,0,0,0,0,154
5343,1207,1207,-3.8,97007,61.8,5.5,16:32:05,32.205936,-98.19,175,5,0,0,0,0,154
5343,1208,1208,-3.9,97008,61.8,5.5,16:32:06,32.205932,-98.19,175,5,0,0,0,0,154
5343,1209,1209,-3.9,97008,61.8,5.5,16:32:07,32.205932,-98.19,175,5,0,0,0,0,154
5343,1210,1210,-3.8,97007,61.8,5.5,16:32:08,32.205932,-98.19,175,5,0,0,0,0,154
5343,1211,1211,-4,97009,61.8,5.5,16:32:09,32.205936,-98.19008,175,5,0,0,0,0,154
5343,1212,1212,-4,97009,61.8,5.5,16:32:10,32.205936,-98.19008,175,5,0,0,0,0,154
5343,1213,1213,-4,97009,61.8,5.5,16:32:11,32.20594,-98.19008,175,5,0,0,0,0,154
5343,1214,1214,-4,97009,61.8,5.5,16:32:12,32.20594,-98.19008,175,5,0,0,0,0,154
5343,1215,1215,-4,97009,61.8,5.5,16:32:13,32.20594,-98.19008,175,5,0,0,0,0,154
5343,1216,1216,-4,97009,61.8,5.5,16:32:14,32.205944,-98.19008,175,5,0,0,0,0,154
5343,1217,1217,-3.8,97007,61.8,5.5,16:32:15,32.205948,-98.19008,175,5,0,0,0,0,154
5343,1218,1218,-3.7,97006,61.8,5.5,16:32:16,32.205952,-98.19,175,5,0,0,0,0,154
5343,1219,1219,-4.1,97010,61.8,5.5,16:32:17,32.205952,-98.19,175,5,0,0,0,0,154
5343,1220,1220,-4,97009,61.8,5.5,16:32:18,32.205956,-98.19008,175,5,0,0,0,0,154
5343,1221,1221,-3.9,97008,61.8,5.5,16:32:19,32.205956,-98.19008,175,5,0,0,0,0,154
5343,1222,1222,-3.9,97008,61.8,5.5,16:32:20,32.20596,-98.19008,175,5,0,0,0,0,154
5343,1223,1223,-4,97009,61.8,5.5,16:32:21,32.20596,-98.19008,175,5,0,0,0,0,154
5343,1224,1224,-4,97009,61.8,5.5,16:32:22,32.205964,-98.19008,175,5,0,0,0,0,154
5343,1225,1225,-4,97009,61.8,5.5,16:32:23,32.205966,-98.19008,175,5,0,0,0,0,154
5343,1226,1226,-3.6,97005,61.8,5.5,16:32:24,32.20597,-98.19008,175,5,0,0,0,0,154
5343,1227,1227,-4.1,97010,61.8,5.5,16:32:25,32.20597,-98.19008,175,5,0,0,0,0,154
5343,1228,1228,-3.8,97007,61.8,5.5,16:32:26,32.205974,-98.19008,175,5,0,0,0,0,154
5343,1229,1229,-3.6,97005,61.8,5.5,16:32:27,32.205978,-98.19008,175,5,0,0,0,0,154
5343,1230,1230,-3.5,97004,61.8,5.5,16:32:28,32.205978,-98.19008,175,5,0,0,0,0,154
5343,1231,1231,-3.6,97005,61.8,5.5,16:32:29,32.205978,-98.19008,175,5,0,0,0,0,154
5343,1232,1232,-3.8,97007,61.8,5.5,16:32:30,32.205978,-98.19008,175,5,0,0,0,0,154
5343,1233,1233,-4.1,97010,61.8,5.5,16:32:31,32.205982,-98.19008,175,5,0,0,0,0,154
5343,1234,1234,-4.3,97012,61.8,5.5,16:32:32,32.205982,-98.19008,175,5,0,0,0,0,154
5343,1235,1235,-4,97009,61.8,5.5,16:32:33,32.205986,-98.19008,175,5,0,0,0,0,154
5343,1236,1236,-3.9,97008,61.8,5.5,16:32:34,32.205986,-98.19008,175,5,0,0,0,0,154
5343,1237,1237,-3.9,97008,61.8,5.5,16:32:35,32.20599,-98.19008,175,5,0,0,0,0,154
5343,1238,1238,-4.2,97011,61.8,5.5,16:32:36,32.20599,-98.19008,175,5,0,0,0,0,154
5343,1239,1239,-4.1,97010,61.8,5.5,16:32:37,32.20599,-98.19008,175,5,0,0,0,0,154
5343,1240,1240,-4.2,97011,61.8,5.5,16:32:38,32.20599,-98.19008,175,5,0,0,0,0,154
5343,1241,1241,-3.9,97008,61.8,5.5,16:32:39,32.20599,-98.19008,175,5,0,0,0,0,154
5343,1242,1242,-4.1,97010,61.8,5.5,16:32:40,32.205994,-98.19,175,5,0,0,0,0,154
5343,1243,1243,-4.1,97011,61.8,5.5,16:32:41,32.205998,-98.19,175,5,0,0,0,0,154
5343,1244,1244,-4,97009,61.8,5.5,16:32:42,32.205998,-98.19,175,5,0,0,0,0,154
5343,1245,1245,-4.1,97010,61.8,5.5,16:32:43,32.206002,-98.19,175,5,0,0,0,0,154
5343,1246,1246,-4,97009,61.8,5.5,16:32:44,32.206002,-98.19,175,5,0,0,0,0,154
5343,1247,1247,-4,97010,61.8,5.5,16:32:45,32.206006,-98.19,175,5,0,0,0,0,154
5343,1248,1248,-3.9,97008,61.8,5.5,16:32:46,32.206006,-98.19,175,5,0,0,0,0,154
5343,1249,1249,-4.1,97010,61.8,5.5,16:32:47,32.206006,-98.19,175,5,0,0,0,0,154
5343,1250,1250,-3.8,97007,61.8,5.5,16:32:48,32.206006,-98.19,175,5,0,0,0,0,154
5343,1251,1251,-3.8,97007,61.8,5.5,16:32:49,32.206006,-98.19,175,5,0,0,0,0,154
5343,1252,1252,-3.9,97008,61.8,5.5,16:32:50,32.206006,-98.19,175,5,0,0,0,0,154
5343,1253,1253,-3.8,97007,61.8,5.5,16:32:51,32.206006,-98.19,175,5,0,0,0,0,154
5343,1254,1254,-3.9,97008,61.8,5.5,16:32:52,32.206006,-98.19,175,5,0,0,0,0,154
5343,1255,1255,-3.9,97008,61.8,5.5,16:32:53,32.206006,-98.19,175,5,0,0,0,0,154
5343,1256,1256,-4,97009,61.8,5.5,16:32:54,32.206006,-98.19,175,5,0,0,0,0,154
5343,1257,1257,-4.1,97010,61.8,5.5,16:32:55,32.206008,-98.19,175,5,0,0,0,0,154
5343,1258,1258,-3.8,97007,61.8,5.5,16:32:56,32.206008,-98.19,175,5,0,0,0,0,154
5343,1259,1259,-3.9,97008,61.8,5.5,16:32:57,32.206012,-98.19,175,5,0,0,0,0,154
5343,1260,1260,-4.1,97010,61.8,5.5,16:32:58,32.206012,-98.19,175,5,0,0,0,0,154
5343,1261,1261,-4,97009,61.8,5.5,16:32:59,32.206012,-98.19,175,5,0,0,0,0,154
5343,1262,1262,-4,97009,61.8,5.5,16:33:00,32.206012,-98.19,175,5,0,0,0,0,154
5343,1263,1263,-3.8,97007,61.8,5.5,16:33:01,32.206012,-98.19,175,5,0,0,0,0,154
5343,1264,1264,-4,97009,61.8,5.5,16:33:02,32.206012,-98.19,175,5,0,0,0,0,154
5343,1265,1265,-3.7,97006,61.8,5.5,16:33:03,32.206012,-98.19,175,5,0,0,0,0,154
5343,1266,1266,-3.8,97007,61.8,5.5,16:33:04,32.206012,-98.19,175,5,0,0,0,0,154
5343,1267,1267,-4.1,97010,61.8,5.5,16:33:05,32.206012,-98.19,175,5,0,0,0,0,154
5343,1268,1268,-4,97009,61.8,5.5,16:33:06,32.206012,-98.19,175,5,0,0,0,0,154
5343,1269,1269,-4.1,97010,61.8,5.5,16:33:07,32.206008,-98.19,175,5,0,0,0,0,154
5343,1270,1270,-4.2,97011,61.8,5.5,16:33:08,32.206008,-98.19,175,5,0,0,0,0,154
5343,1271,1271,-4,97009,61.8,5.5,16:33:09,32.206008,-98.19,175,5,0,0,0,0,154
5343,1272,1272,-4.1,97010,61.8,5.5,16:33:10,32.206008,-98.19,175,5,0,0,0,0,154
5343,1273,1273,-4.1,97010,61.8,5.5,16:33:10,32.206006,-98.19,175,5,0,0,0,0,154
5343,1274,1274,-4,97009,61.8,5.5,16:33:11,32.206006,-98.19,175,5,0,0,0,0,154
5343,1275,1275,-4.1,97010,61.8,5.5,16:33:12,32.206006,-98.19008,175,5,0,0,0,0,154
5343,1276,1276,-3.7,97006,61.8,5.5,16:33:13,32.206002,-98.19008,175,5,0,0,0,0,154
5343,1277,1277,-3.7,97006,61.8,5.5,16:33:14,32.206002,-98.19008,175,5,0,0,0,0,154
5343,1278,1278,-3.7,97006,61.8,5.5,16:33:15,32.205998,-98.19008,175,5,0,0,0,0,154
5343,1279,1279,-3.6,97005,61.8,5.5,16:33:16,32.205998,-98.19008,175,5,0,0,0,0,154
5343,1280,1280,-4,97009,61.8,5.5,16:33:17,32.205998,-98.19008,175,5,0,0,0,0,154
5343,1281,1281,-3.8,97007,61.8,5.5,16:33:18,32.205998,-98.19008,175,5,0,0,0,0,154
5343,1282,1282,-3.5,97004,61.8,5.5,16:33:19,32.205998,-98.19,175,5,0,0,0,0,154
5343,1283,1283,-3.7,97006,61.8,5.5,16:33:20,32.205998,-98.19,175,5,0,0,0,0,154
5343,1284,1284,-3.6,97005,61.8,5.5,16:33:21,32.205998,-98.19,175,5,0,0,0,0,154
5343,1285,1285,-3.7,97006,61.8,5.5,16:33:22,32.205998,-98.19,175,5,0,0,0,0,154
5343,1286,1286,-3.8,97007,61.8,5.5,16:33:23,32.205998,-98.19,175,5,0,0,0,0,154
5343,1287,1287,-3.9,97008,61.8,5.5,16:33:24,32.205998,-98.19,175,5,0,0,0,0,154
5343,1288,1288,-4.1,97010,61.8,5.5,16:33:25,32.205998,-98.19,175,5,0,0,0,0,154
5343,1289,1289,-4.2,97011,61.8,5.5,16:33:26,32.206002,-98.19,175,5,0,0,0,0,154
5343,1290,1290,-4.3,97013,61.8,5.5,16:33:27,32.206002,-98.19,175,5,0,0,0,0,154
5343,1291,1291,-4.2,97011,61.8,5.5,16:33:28,32.206002,-98.19,175,5,0,0,0,0,154
5343,1292,1292,-4.3,97013,61.8,5.5,16:33:29,32.206002,-98.19,175,5,0,0,0,0,154
5343,1293,1293,-4.3,97013,61.8,5.5,16:33:30,32.206002,-98.19,175,5,0,0,0,0,154
5343,1294,1294,-4.6,97015,61.8,5.5,16:33:31,32.206006,-98.19,175,5,0,0,0,0,154
5343,1295,1295,-4.3,97013,61.8,5.5,16:33:32,32.206006,-98.18992,175,5,0,0,0,0,154
5343,1296,1296,-4.6,97016,61.8,5.5,16:33:33,32.206006,-98.18992,175,5,0,0,0,0,154
5343,1297,1297,-4.1,97010,61.8,5.5,16:33:34,32.206006,-98.18992,175,5,0,0,0,0,154
5343,1298,1298,-4.4,97013,61.8,5.5,16:33:35,32.206008,-98.18992,175,5,0,0,0,0,154
5343,1299,1299,-4.5,97015,61.8,5.5,16:33:36,32.206008,-98.18992,175,5,0,0,0,0,154
5343,1300,1300,-4.4,97014,61.8,5.5,16:33:37,32.206012,-98.18992,175,5,0,0,0,0,154
5343,1301,1301,-4.3,97012,61.8,5.5,16:33:38,32.206012,-98.18992,175,5,0,0,0,0,154
5343,1302,1302,-4.4,97013,61.8,5.5,16:33:39,32.206016,-98.18992,175,5,0,0,0,0,154
5343,1303,1303,-4.1,97011,61.8,5.5,16:33:40,32.206016,-98.18992,175,5,0,0,0,0,154
5343,1304,1304,-4.4,97013,61.8,5.5,16:33:41,32.20602,-98.18992,175,5,0,0,0,0,154
5343,1305,1305,-4.2,97011,61.8,5.5,16:33:42,32.20602,-98.18984,175,5,0,0,0,0,154
5343,1306,1306,-4.2,97011,61.8,5.5,16:33:43,32.206024,-98.18984,175,5,0,0,0,0,154
5343,1307,1307,-4.1,97010,61.8,5.5,16:33:44,32.206024,-98.18984,175,5,0,0,0,0,154
5343,1308,1308,-4.3,97012,61.8,5.5,16:33:45,32.206028,-98.18984,175,5,0,0,0,0,154
5343,1309,1309,-4.3,97012,61.8,5.5,16:33:46,32.206028,-98.18984,175,5,0,0,0,0,154
5343,1310,1310,-4.2,97011,61.8,5.5,16:33:47,32.206032,-98.18976,175,5,0,0,0,0,154
5343,1311,1311,-4.2,97011,61.8,5.5,16:33:48,32.206032,-98.18976,175,5,0,0,0,0,154
5343,1312,1312,-4.2,97011,61.8,5.5,16:33:49,32.206032,-98.18976,175,5,0,0,0,0,154
5343,1313,1313,-4,97009,61.8,5.5,16:33:50,32.206036,-98.18976,175,5,0,0,0,0,154
5343,1314,1314,-4,97009,61.8,5.5,16:33:51,32.20604,-98.18976,175,5,0,0,0,0,154
5343,1315,1315,-4.2,97012,61.8,5.5,16:33:52,32.20604,-98.18976,175,5,0,0,0,0,154
5343,1316,1316,-4,97009,61.8,5.5,16:33:53,32.206036,-98.18976,175,5,0,0,0,0,154
5343,1317,1317,-4,97009,61.8,5.5,16:33:54,32.206032,-98.18984,175,5,0,0,0,0,154
5343,1318,1318,-4,97009,61.8,5.5,16:33:55,32.206028,-98.18976,175,5,0,0,0,0,154
5343,1319,1319,-4.1,97010,61.8,5.5,16:33:56,32.206032,-98.18976,175,5,0,0,0,0,154
5343,1320,1320,-3.9,97008,61.8,5.5,16:33:57,32.206036,-98.18976,175,5,0,0,0,0,154
5343,1321,1321,-4.1,97010,61.8,5.5,16:33:58,32.206036,-98.18976,175,5,0,0,0,0,154
5343,1322,1322,-4.1,97010,61.8,5.5,16:33:59,32.20604,-98.18976,175,5,0,0,0,0,154
5343,1323,1323,-4,97009,61.8,5.5,16:34:00,32.20604,-98.18976,175,5,0,0,0,0,154
5343,1324,1324,-3.8,97007,61.8,5.5,16:34:01,32.206044,-98.18976,175,5,0,0,0,0,154
5343,1325,1325,-4,97009,61.8,5.5,16:34:02,32.206044,-98.18968,175,5,0,0,0,0,154
5343,1326,1326,-3.9,97008,61.8,5.5,16:34:03,32.206048,-98.18968,175,5,0,0,0,0,154
5343,1327,1327,-4,97009,61.8,5.5,16:34:04,32.206048,-98.18968,175,5,0,0,0,0,154
5343,1328,1328,-3.9,97008,61.8,5.5,16:34:05,32.206048,-98.18968,175,5,0,0,0,0,154
5343,1329,1329,-4.2,97011,61.8,5.5,16:34:06,32.20605,-98.18968,175,5,0,0,0,0,154
5343,1330,1330,-4,97009,61.8,5.5,16:34:07,32.20605,-98.18968,175,5,0,0,0,0,154
5343,1331,1331,-4.1,97010,61.8,5.5,16:34:08,32.206054,-98.18968,175,5,0,0,0,0,154
5343,1332,1332,-3.8,97007,61.8,5.5,16:34:08,32.206054,-98.18968,175,5,0,0,0,0,154
5343,1333,1333,-4.1,97010,61.8,5.5,16:34:10,32.206054,-98.18968,175,5,0,0,0,0,154
5343,1334,1334,-3.9,97009,61.8,5.5,16:34:11,32.206054,-98.1896,175,5,0,0,0,0,154
5343,1335,1335,-4.2,97011,61.8,5.5,16:34:12,32.206054,-98.1896,175,5,0,0,0,0,154
5343,1336,1336,-3.9,97008,61.8,5.5,16:34:12,32.206054,-98.1896,175,5,0,0,0,0,154
5343,1337,1337,-4.1,97010,61.8,5.5,16:34:13,32.206058,-98.1896,175,5,0,0,0,0,154
5343,1338,1338,-4.3,97012,61.8,5.5,16:34:14,32.206058,-98.1896,175,5,0,0,0,0,154
5343,1339,1339,-4.4,97014,61.8,5.5,16:34:15,32.206058,-98.1896,175,5,0,0,0,0,154
5343,1340,1340,-4.3,97012,61.8,5.5,16:34:16,32.206058,-98.1896,175,5,0,0,0,0,154
5343,1341,1341,-4.3,97012,61.8,5.5,16:34:17,32.206058,-98.1896,175,5,0,0,0,0,154
5343,1342,1342,-4,97009,61.8,5.5,16:34:18,32.206062,-98.1896,175,5,0,0,0,0,154
5343,1343,1343,-3.9,97008,61.8,5.5,16:34:19,32.206062,-98.1896,175,5,0,0,0,0,154
5343,1344,1344,-3.7,97006,61.8,5.5,16:34:20,32.206062,-98.1896,175,5,0,0,0,0,154
5343,1345,1345,-3.8,97007,61.8,5.5,16:34:21,32.206062,-98.1896,175,5,0,0,0,0,154
5343,1346,1346,-3.8,97007,61.8,5.5,16:34:22,32.206066,-98.1896,175,5,0,0,0,0,154
5343,1347,1347,-3.3,97002,61.8,5.5,16:34:23,32.206066,-98.1896,175,5,0,0,0,0,154
5343,1348,1348,-3.4,97003,61.8,5.5,16:34:24,32.206066,-98.1896,175,5,0,0,0,0,154
5343,1349,1349,-3.5,97004,61.8,5.5,16:34:25,32.206066,-98.1896,175,5,0,0,0,0,154
5343,1350,1350,-3.6,97005,61.8,5.5,16:34:26,32.206066,-98.1896,175,5,0,0,0,0,154
5343,1351,1351,-4,97009,61.8,5.5,16:34:27,32.206066,-98.1896,175,5,0,0,0,0,154
5343,1352,1352,-4.1,97010,61.8,5.5,16:34:28,32.206066,-98.1896,175,5,0,0,0,0,154
5343,1353,1353,-4.1,97010,61.8,5.5,16:34:29,32.206066,-98.1896,175,5,0,0,0,0,154
5343,1354,1354,-3.9,97008,61.8,5.5,16:34:30,32.206066,-98.1896,175,5,0,0,0,0,154
5343,1355,1355,-4,97009,61.8,5.5,16:34:31,32.206066,-98.1896,175,5,0,0,0,0,154
5343,1356,1356,-4.1,97010,61.8,5.5,16:34:32,32.206066,-98.1896,175,5,0,0,0,0,154
5343,1357,1357,-4.1,97010,61.8,5.5,16:34:33,32.206066,-98.1896,175,5,8,6,0,0,158
5343,1358,1358,-4.1,97011,61.8,5.5,16:34:34,32.206066,-98.1896,175,5,0,1,0,0,160
5343,1359,1359,-4.7,97016,61.8,5.5,16:34:35,32.206066,-98.18952,175,5,0,0,0,0,162
5343,1360,1360,-4.9,97018,61.8,5.5,16:34:36,32.206066,-98.18952,175,5,-1,0,0,0,162
5343,1361,1361,-4,97009,61.8,5.5,16:34:37,32.206066,-98.18952,175,5,-1,0,0,0,162
5343,1362,1362,-4.2,97011,61.8,5.5,16:34:38,32.20607,-98.18952,175,5,-1,0,0,0,162
5343,1363,1363,-4.1,97010,61.8,5.5,16:34:39,32.20607,-98.18952,175,5,-1,0,0,0,162
5343,1364,1364,-4.1,97010,61.8,5.5,16:34:40,32.20607,-98.18952,175,5,-1,0,0,0,162
5343,1365,1365,-4.1,97010,61.8,5.5,16:34:41,32.20607,-98.18944,175,5,-1,0,0,0,162
5343,1366,1366,-4,97009,61.8,5.5,16:34:42,32.206074,-98.18944,175,5,-1,0,0,0,162
5343,1367,1367,-3.8,97007,61.8,5.5,16:34:43,32.206074,-98.18944,175,5,-1,0,0,0,162
5343,1368,1368,-3.9,97008,61.8,5.5,16:34:44,32.206078,-98.18944,175,5,-1,0,0,0,162
5343,1369,1369,-4.1,97010,61.8,5.5,16:34:45,32.206078,-98.18944,175,5,-1,0,0,0,162
5343,1370,1370,-4.1,97010,61.8,5.5,16:34:46,32.206078,-98.18944,175,5,-1,0,0,0,162
5343,1371,1371,-4.2,97011,61.8,5.5,16:34:47,32.206078,-98.18944,175,5,-1,0,0,0,162
5343,1372,1372,-3.9,97008,61.8,5.5,16:34:48,32.206078,-98.18944,175,5,-1,0,0,0,162
5343,1373,1373,-4.2,97011,61.8,5.5,16:34:49,32.206074,-98.18944,175,5,-1,0,0,0,162
5343,1374,1374,-4.2,97011,61.8,5.5,16:34:50,32.206074,-98.18944,175,5,-1,0,0,0,162
5343,1375,1375,-4.2,97011,61.8,5.5,16:34:51,32.206074,-98.18944,175,5,-1,0,0,0,162
5343,1376,1376,-4.2,97012,61.8,5.5,16:34:52,32.20607,-98.18944,175,5,-1,0,0,0,162
5343,1377,1377,-4.3,97013,61.8,5.5,16:34:53,32.20607,-98.18944,175,5,-1,0,0,0,162
5343,1378,1378,-4.6,97015,61.8,5.5,16:34:54,32.20607,-98.18944,175,5,-1,0,0,0,162
5343,1379,1379,-4.4,97013,61.8,5.5,16:34:55,32.20607,-98.18944,175,5,-1,0,0,0,162
5343,1380,1380,-4.4,97013,61.8,5.5,16:34:56,32.206066,-98.18944,175,5,-1,0,0,0,162
5343,1381,1381,-4.4,97013,61.8,5.5,16:34:57,32.206066,-98.18952,175,5,-1,0,0,0,162
5343,1382,1382,-4.5,97014,61.8,5.5,16:34:58,32.206066,-98.18952,175,5,-1,0,0,0,162
5343,1383,1383,-4.4,97013,61.8,5.5,16:34:59,32.206062,-98.18952,175,5,-1,0,0,0,162
5343,1384,1384,-4.4,97013,61.8,5.5,16:35:00,32.206062,-98.18952,175,5,-1,0,0,0,162
5343,1385,1385,-4.4,97014,61.8,5.5,16:35:01,32.206062,-98.1896,175,5,-1,0,0,0,162
5343,1386,1386,-4.2,97011,61.8,5.5,16:35:02,32.206062,-98.1896,175,5,-1,0,0,0,162
5343,1387,1387,-4.2,97012,61.8,5.5,16:35:03,32.206062,-98.1896,175,5,-1,0,0,0,162
