Team ID,Mission Time,Packet Count,Altitude,Pressure,Temperature,Voltage,GPS Time,GPS Latitude,GPS Longitude,GPS Altitude,GPS Sats,Pitch,Roll,Blade Spin Rate,Flight State,Bonus Direction
5343,49,49,4.1,96560,34.0,5.8,17:48:38,0.0,0.0,0.0,0,-53,0,0,0,353
5343,50,50,3.9,96563,33.8,5.8,17:48:39,0.0,0.0,0.0,0,-42,-5,0,0,233
5343,51,51,3.5,96567,33.9,5.8,17:48:40,0.0,0.0,0.0,0,-40,-5,0,0,235
5343,52,52,4.4,96557,33.9,5.8,17:48:41,0.0,0.0,0.0,0,-37,-2,0,0,222
5343,53,53,5.0,96551,34.2,5.8,17:48:42,0.0,0.0,0.0,0,-13,8,0,0,184
5343,54,54,4.6,96555,34.4,5.8,17:48:43,0.0,0.0,0.0,0,-7,7,0,0,181
5343,55,55,3.5,96568,34.5,5.8,17:48:44,0.0,0.0,0.0,0,0,4,0,0,170
5343,56,56,4.5,96557,34.5,5.8,17:48:45,0.0,0.0,0.0,0,0,16,0,0,175
5343,57,57,3.9,96563,34.3,5.8,17:48:46,0.0,0.0,0.0,0,0,14,0,0,179
5343,58,58,4.5,96557,34.7,5.8,17:48:47,0.0,0.0,0.0,0,1,15,0,0,176
5343,59,59,4.0,96562,34.8,5.8,17:48:48,0.0,0.0,0.0,0,-1,14,0,0,176
5343,60,60,4.4,96558,34.8,5.8,17:48:49,0.0,0.0,0.0,0,-2,14,0,0,163
5343,61,61,4.3,96559,34.6,5.7,17:48:50,0.0,0.0,0.0,0,0,15,0,0,163
5343,62,62,4.0,96562,34.6,5.8,17:48:51,0.0,0.0,0.0,0,-1,14,0,0,162
5343,63,63,4.8,96554,34.7,5.8,17:48:52,0.0,0.0,0.0,0,-1,16,0,0,160
5343,64,64,2.8,96574,34.6,5.8,17:48:53,0.0,0.0,0.0,0,-1,16,0,0,160
5343,65,65,-349.0,100423,35.1,5.8,17:48:54,0.0,0.0,0.0,0,-1,15,0,0,163
5343,66,66,-7.6,96688,34.9,5.8,17:48:55,0.0,0.0,0.0,0,-1,17,0,0,160
5343,67,67,4.1,96561,35.3,5.8,17:48:56,0.0,0.0,0.0,0,0,18,0,0,156
5343,68,68,4.3,96558,35.1,5.8,17:48:57,0.0,0.0,0.0,0,0,20,0,0,151
5343,69,69,4.1,96560,35.4,5.8,17:48:58,0.0,0.0,0.0,0,4,32,0,0,143
5343,70,70,4.9,96552,35.4,5.7,17:48:59,0.0,0.0,0.0,0,-15,53,0,0,142
5343,71,71,5.8,96543,35.4,5.8,17:49:00,0.0,0.0,0.0,0,-21,57,0,0,153
5343,72,72,5.6,96545,35.3,5.7,17:49:00,0.0,0.0,0.0,0,-29,64,0,0,176
5343,73,73,5.3,96548,35.6,5.8,17:49:01,0.0,0.0,0.0,0,-22,61,0,0,211
5343,74,74,3.1,96572,35.7,5.7,17:49:02,0.0,0.0,0.0,0,-24,39,0,0,272
5343,75,75,4.8,96553,35.7,5.8,17:49:03,0.0,0.0,0.0,0,-21,31,0,0,292
5343,76,76,6.3,96538,35.9,5.7,17:49:04,0.0,0.0,0.0,0,-28,39,0,0,285
5343,77,77,5.0,96551,36.0,5.7,17:49:05,0.0,0.0,0.0,0,-29,38,0,0,281
5343,78,78,5.5,96546,36.1,5.7,17:49:06,0.0,0.0,0.0,0,-42,40,0,0,268
5343,79,79,5.0,96551,36.1,5.8,17:49:07,0.0,0.0,0.0,0,-47,37,0,0,157
5343,80,80,6.5,96535,35.9,5.8,17:49:08,0.0,0.0,0.0,0,-52,33,0,0,163
5343,81,81,4.8,96554,36.4,5.7,17:49:09,0.0,0.0,0.0,0,-58,31,0,0,174
5343,82,82,4.9,96552,36.4,5.7,17:49:10,0.0,0.0,0.0,0,-58,23,0,0,184
5343,83,83,4.7,96554,36.1,5.7,17:49:11,0.0,0.0,0.0,0,-55,27,0,0,190
5343,84,84,4.6,96555,36.2,5.8,17:49:12,0.0,0.0,0.0,0,-56,27,0,0,182
5343,85,85,4.7,96555,36.7,5.7,17:49:13,0.0,0.0,0.0,0,-54,26,0,0,176
5343,86,86,4.7,96554,36.7,5.7,17:49:14,0.0,0.0,0.0,0,-61,26,0,0,174
5343,87,87,5.0,96551,36.6,5.7,17:49:15,0.0,0.0,0.0,0,-55,29,0,0,159
5343,88,88,5.4,96547,36.8,5.8,17:49:16,0.0,0.0,0.0,0,-56,30,0,0,144
5343,89,89,4.2,96560,36.9,5.7,17:49:17,0.0,0.0,0.0,0,-49,30,0,0,145
5343,90,90,5.0,96551,36.9,5.7,17:49:18,0.0,0.0,0.0,3,-50,28,0,0,140
5343,91,91,4.9,96552,37.0,5.7,17:49:19,0.0,0.0,0.0,3,-60,21,0,0,135
5343,92,92,0.2,96549,36.8,5.7,17:49:19,0.0,0.0,0.0,3,-56,30,0,0,133
5343,93,93,0.1,96551,36.6,5.8,17:49:21,0.0,0.0,0.0,3,-57,19,0,0,135
5343,94,94,0.1,96551,37.1,5.7,17:49:22,0.0,0.0,0.0,3,-55,33,0,0,129
5343,95,95,0.2,96549,36.8,5.7,17:49:23,0.0,0.0,0.0,3,-53,29,0,0,130
5343,96,96,0.9,96542,37.0,5.7,17:49:24,32.243596,-98.26248,188.0,4,-56,31,0,0,134
5343,1,1,3.0,96525,37.5,5.7,17:49:28,32.243496,-98.26296,193.0,4,-3,0,0,0,232
5343,2,2,0.2,96555,37.3,5.8,17:49:29,32.243466,-98.26304,195.0,4,-4,0,0,0,166
5343,3,3,0.0,96557,37.1,5.7,17:49:30,32.243434,-98.26304,197.0,4,-1,3,0,0,140
5343,4,4,0.4,96553,37.5,5.7,17:49:31,32.243396,-98.26328,200.0,5,-3,2,0,0,139
5343,5,5,0.2,96555,37.6,5.7,17:49:32,32.243354,-98.26344,204.0,5,-2,2,0,0,142
5343,6,6,0.1,96556,37.7,5.7,17:49:33,32.243332,-98.26352,206.0,5,0,1,0,0,140
5343,7,7,0.2,96560,37.6,5.7,17:49:34,32.243302,-98.26360,208.0,5,-2,1,0,0,136
5343,8,8,0.1,96559,37.8,5.7,17:49:35,32.243270,-98.26376,210.0,5,-4,-6,0,0,141
5343,9,9,0.1,96559,37.4,5.7,17:49:36,32.243252,-98.26384,212.0,5,-5,0,0,0,136
5343,10,10,0.0,96557,37.9,5.7,17:49:37,32.243228,-98.26392,214.0,5,-6,0,0,0,131
5343,11,11,0.3,96554,38.0,5.7,17:49:38,32.243210,-98.26408,216.0,5,-6,1,0,0,129
5343,12,12,0.4,96563,37.9,5.7,17:49:39,32.243186,-98.26416,218.0,5,-5,-10,0,0,126
5343,13,13,0.1,96559,37.6,5.7,17:49:40,32.243164,-98.26424,220.0,5,-2,-2,0,0,122
5343,14,14,0.1,96559,37.6,5.7,17:49:41,32.243134,-98.26432,222.0,5,-6,3,0,0,134
5343,15,15,-1.8,96577,37.8,5.7,17:49:42,32.243110,-98.26432,224.0,5,2,3,0,0,131
5343,16,16,0.7,96550,37.7,5.7,17:49:43,32.243092,-98.26432,226.0,5,-1,1,0,0,137
5343,17,17,0.1,96559,37.9,5.7,17:49:44,32.243064,-98.26440,228.0,5,-1,0,0,0,136
5343,18,18,0.0,96557,37.8,5.7,17:49:45,32.243038,-98.26440,231.0,5,-2,-6,0,0,139
5343,19,19,0.1,96556,38.3,5.7,17:49:46,32.243012,-98.26440,233.0,5,-5,5,0,0,150
5343,20,20,0.1,96559,38.2,5.7,17:49:47,32.242984,-98.26448,235.0,5,-7,0,0,0,145
5343,21,21,0.1,96559,38.2,5.7,17:49:48,32.242962,-98.26448,237.0,5,-8,-4,0,0,136
5343,22,22,0.3,96554,38.1,5.7,17:49:49,32.242962,-98.26456,238.0,6,-4,0,0,0,134
5343,23,23,0.4,96563,38.5,5.7,17:49:50,32.242936,-98.26456,240.0,6,-4,-1,0,0,141
5343,24,24,0.4,96562,38.4,5.7,17:49:51,32.242608,-98.26456,240.0,6,-3,-9,0,0,125
5343,25,25,0.2,96560,38.5,5.7,17:49:51,32.242608,-98.26392,247.0,6,9,-9,0,0,120
5343,26,26,3.0,96525,38.1,5.7,17:49:52,32.242294,-98.26336,255.0,6,6,9,0,0,117
5343,27,27,0.8,96549,38.6,5.7,17:49:53,32.242240,-98.26248,261.0,6,6,12,0,0,117
5343,28,28,1.7,96539,38.5,5.7,17:49:54,32.242156,-98.26168,267.0,6,1,10,0,0,123
5343,29,29,2.4,96532,38.5,5.7,17:49:55,32.242038,-98.26112,273.0,7,-1,8,0,0,121
5343,30,30,0.6,96550,38.5,5.7,17:49:56,32.242062,-98.26104,274.0,7,0,5,0,0,117
5343,31,31,0.0,96557,38.4,5.7,17:49:57,32.242046,-98.26104,277.0,7,-2,5,0,0,123
5343,32,32,0.2,96560,38.5,5.7,17:49:58,32.242034,-98.26096,279.0,7,-1,3,0,0,117
5343,33,33,0.1,96556,38.4,5.7,17:49:59,32.242020,-98.26088,281.0,7,4,5,0,0,109
5343,34,34,0.7,96550,38.8,5.7,17:50:00,32.241864,-98.26016,289.0,7,7,6,0,0,99
5343,35,35,1.1,96545,38.7,5.7,17:50:01,32.241814,-98.25984,293.0,9,10,6,0,0,105
5343,36,36,0.8,96548,38.9,5.6,17:50:02,32.241764,-98.25960,297.0,9,7,-5,0,0,107
5343,37,37,0.3,96553,38.6,5.7,17:50:03,32.241726,-98.25936,300.0,9,4,8,0,0,103
5343,38,38,0.8,96548,38.6,5.7,17:50:04,32.241700,-98.25928,303.0,9,6,11,0,0,107
5343,39,39,0.4,96552,38.9,5.7,17:50:05,32.241668,-98.25920,306.0,9,5,8,0,0,114
5343,40,40,0.6,96551,39.1,5.6,17:50:06,32.241638,-98.25912,309.0,9,3,7,0,0,112
5343,41,41,0.1,96555,39.1,5.6,17:50:07,32.241620,-98.25920,310.0,9,7,10,0,0,120
5343,42,42,-1.2,96570,38.8,5.7,17:50:08,32.241612,-98.25920,312.0,9,9,11,0,0,118
5343,43,43,0.7,96550,38.6,5.7,17:50:09,32.241592,-98.25920,313.0,9,12,10,0,0,231
5343,44,44,0.7,96550,38.8,5.7,17:50:10,32.241574,-98.25920,316.0,9,12,13,0,0,220
5343,45,45,0.5,96552,38.9,5.7,17:50:11,32.241554,-98.25928,318.0,9,11,11,0,0,230
5343,46,46,0.2,96555,38.9,5.7,17:50:12,32.241532,-98.25928,320.0,9,8,9,0,0,116
5343,47,47,0.5,96552,39.3,5.6,17:50:13,32.241512,-98.25936,322.0,9,6,9,0,0,116
5343,48,48,0.4,96553,38.9,5.7,17:50:14,32.241498,-98.25936,323.0,9,9,10,0,0,119
5343,49,49,0.0,96556,38.9,5.7,17:50:15,32.241478,-98.25936,325.0,9,7,10,0,0,120
5343,50,50,0.3,96554,39.5,5.6,17:50:16,32.241462,-98.25944,327.0,9,8,12,0,0,121
5343,51,51,0.0,96558,39.5,5.6,17:50:17,32.241452,-98.25952,328.0,9,6,11,0,0,126
5343,52,52,1.0,96546,39.5,5.6,17:50:18,32.241440,-98.25968,329.0,9,5,13,0,0,124
5343,53,53,1.0,96546,39.5,5.7,17:50:19,32.241432,-98.25976,330.0,10,6,16,0,0,122
5343,54,54,0.8,96548,39.5,5.7,17:50:20,32.241416,-98.25984,331.0,9,4,7,0,0,125
5343,55,55,0.3,96554,39.6,5.6,17:50:21,32.241406,-98.25992,333.0,9,4,9,0,0,127
5343,56,56,0.4,96553,39.1,5.7,17:50:22,32.241394,-98.26008,334.0,9,5,16,0,0,127
5343,57,57,0.4,96553,39.6,5.7,17:50:23,32.241382,-98.26016,335.0,9,3,13,0,0,121
5343,58,58,0.2,96555,39.7,5.7,17:50:24,32.241372,-98.26032,335.0,9,-3,8,0,0,121
5343,59,59,0.5,96552,39.7,5.6,17:50:24,32.241372,-98.26032,336.0,9,7,10,0,0,216
5343,60,60,0.4,96552,39.4,5.7,17:50:25,32.241360,-98.26040,338.0,9,10,9,0,0,216
5343,61,61,0.3,96554,39.8,5.6,17:50:26,32.241348,-98.26048,339.0,9,14,21,0,0,210
5343,62,62,0.3,96554,39.8,5.6,17:50:27,32.241336,-98.26064,340.0,9,16,20,0,0,212
5343,63,63,0.5,96552,39.7,5.6,17:50:28,32.241322,-98.26080,341.0,9,13,20,0,0,209
5343,64,64,0.3,96553,39.4,5.7,17:50:29,32.241310,-98.26096,342.0,9,7,22,0,0,213
5343,65,65,0.2,96555,39.4,5.7,17:50:30,32.241298,-98.26104,343.0,9,6,17,0,0,223
5343,66,66,0.6,96551,40.0,5.6,17:50:31,32.241288,-98.26112,344.0,9,13,16,0,0,220
5343,67,67,0.7,96550,39.7,5.7,17:50:32,32.241276,-98.26120,345.0,9,13,14,0,0,222
5343,68,68,1.7,96539,39.5,5.7,17:50:33,32.241264,-98.26136,347.0,9,13,10,0,0,231
5343,69,69,0.3,96554,40.0,5.6,17:50:34,32.241252,-98.26152,348.0,9,10,11,0,0,227
5343,70,70,0.0,96558,39.6,5.7,17:50:35,32.241242,-98.26160,349.0,9,16,11,0,0,229
5343,71,71,0.0,96557,40.0,5.6,17:50:36,32.241230,-98.26176,349.0,9,14,6,0,0,229
5343,72,72,0.3,96554,39.8,5.7,17:50:37,32.241222,-98.26192,350.0,9,15,15,0,0,227
5343,73,73,0.3,96561,40.1,5.6,17:50:38,32.241210,-98.26208,351.0,9,14,13,0,0,232
5343,74,74,0.0,96558,40.1,5.7,17:50:39,32.241204,-98.26216,352.0,9,15,16,0,0,226
5343,75,75,0.1,96559,39.7,5.6,17:50:40,32.241192,-98.26232,353.0,9,14,7,0,0,223
5343,76,76,0.4,96553,39.7,5.7,17:50:41,32.241184,-98.26248,354.0,9,12,6,0,0,227
5343,77,77,0.5,96563,39.7,5.7,17:50:42,32.241172,-98.26264,354.0,9,15,13,0,0,227
5343,78,78,0.1,96556,40.1,5.6,17:50:43,32.241166,-98.26272,355.0,9,16,13,0,0,230
5343,79,79,0.9,96548,40.1,5.7,17:50:44,32.241154,-98.26288,356.0,9,11,12,0,0,232
5343,80,80,0.0,96557,40.2,5.7,17:50:45,32.241142,-98.26296,356.0,9,12,17,0,0,220
5343,81,81,0.1,96559,40.3,5.6,17:50:46,32.241134,-98.26320,357.0,9,13,7,0,0,223
5343,82,82,0.0,96558,40.0,5.6,17:50:47,32.241128,-98.26328,357.0,9,8,8,0,0,222
5343,83,83,0.1,96556,39.9,5.7,17:50:48,32.241120,-98.26344,358.0,9,9,16,0,0,219
5343,84,84,0.0,96557,40.2,5.6,17:50:49,32.241112,-98.26360,359.0,9,19,18,0,0,221
5343,85,85,0.6,96551,40.0,5.6,17:50:50,32.241108,-98.26376,359.0,9,15,15,0,0,225
5343,86,86,0.3,96554,39.9,5.6,17:50:51,32.241096,-98.26384,360.0,9,15,17,0,0,221
5343,87,87,0.0,96558,40.0,5.6,17:50:52,32.241088,-98.26400,360.0,9,14,19,0,0,218
5343,88,88,0.8,96549,40.0,5.6,17:50:53,32.241082,-98.26416,361.0,9,10,8,0,0,215
5343,89,89,0.2,96560,40.5,5.6,17:50:54,32.241070,-98.26432,362.0,9,10,16,0,0,211
5343,90,90,0.6,96564,40.0,5.7,17:50:55,32.241058,-98.26440,362.0,9,11,10,0,0,228
5343,91,91,0.2,96560,40.4,5.7,17:50:56,32.241050,-98.26448,362.0,9,14,16,0,0,213
5343,92,92,0.0,96558,40.2,5.6,17:50:57,32.241044,-98.26464,363.0,9,7,8,0,0,211
5343,93,93,0.1,96556,40.6,5.6,17:50:58,32.241032,-98.26472,363.0,9,13,7,0,0,213
5343,94,94,0.2,96560,40.6,5.6,17:50:59,32.241024,-98.26488,363.0,9,12,17,0,0,205
5343,95,95,0.1,96560,40.3,5.6,17:51:00,32.241008,-98.26512,364.0,9,11,14,0,0,219
5343,96,96,0.1,96559,40.7,5.6,17:51:00,32.241008,-98.26512,366.0,9,10,16,0,0,213
5343,97,97,0.2,96560,40.7,5.6,17:51:01,32.240994,-98.26528,368.0,9,6,15,0,0,115
5343,98,98,0.0,96557,40.6,5.6,17:51:02,32.240982,-98.26552,369.0,9,9,8,0,0,211
5343,99,99,0.8,96566,40.8,5.6,17:51:03,32.240966,-98.26568,370.0,9,15,6,0,0,220
5343,100,100,0.6,96565,40.8,5.6,17:51:04,32.240956,-98.26584,372.0,9,11,7,0,0,221
5343,101,101,0.3,96561,40.9,5.6,17:51:05,32.240944,-98.26592,372.0,9,12,15,0,0,225
5343,102,102,0.4,96562,40.9,5.6,17:51:06,32.240932,-98.26608,373.0,9,7,15,0,0,123
5343,103,103,0.4,96562,40.7,5.6,17:51:07,32.240922,-98.26624,374.0,9,-2,7,0,0,128
5343,104,104,0.8,96567,40.4,5.6,17:51:08,32.240914,-98.26632,375.0,9,6,16,0,0,134
5343,105,105,0.1,96560,40.7,5.7,17:51:09,32.240902,-98.26648,375.0,9,-4,8,0,0,128
5343,106,106,0.5,96563,40.8,5.6,17:51:10,32.240894,-98.26664,376.0,9,4,13,0,0,126
5343,107,107,0.2,96560,41.0,5.6,17:51:11,32.240886,-98.26672,377.0,9,3,19,0,0,143
5343,108,108,0.6,96564,41.1,5.6,17:51:12,32.240876,-98.26688,377.0,9,0,14,0,0,149
5343,109,109,0.9,96567,40.8,5.6,17:51:13,32.240868,-98.26704,378.0,9,0,11,0,0,137
5343,110,110,-1.1,96570,40.5,5.6,17:51:14,32.240860,-98.26728,379.0,9,-8,6,0,0,144
5343,111,111,-1.1,96570,40.5,5.6,17:51:15,32.240856,-98.26744,380.0,9,0,14,0,0,146
5343,112,112,-1.0,96568,41.1,5.6,17:51:16,32.240852,-98.26760,380.0,9,0,14,0,0,150
5343,113,113,0.8,96567,40.8,5.6,17:51:17,32.240848,-98.26768,381.0,9,0,16,0,0,149
5343,114,114,0.8,96567,40.6,5.6,17:51:18,32.240844,-98.26784,381.0,9,1,16,0,0,163
5343,115,115,0.0,96558,41.0,5.6,17:51:19,32.240844,-98.26808,382.0,9,-6,14,0,0,189
5343,116,116,-1.0,96569,40.6,5.3,17:51:20,32.240844,-98.26824,382.0,9,-4,12,0,0,174
5343,117,117,0.7,96565,41.0,5.6,17:51:21,32.240848,-98.26840,382.0,9,-2,11,450,0,172
5343,118,118,0.9,96567,40.9,5.6,17:51:22,32.240848,-98.26856,383.0,9,-2,9,225,0,180
5343,120,120,-1.4,96573,41.0,5.6,17:51:24,32.240852,-98.26888,384.0,9,0,11,56,0,174
5343,121,121,-1.3,96571,41.0,5.6,17:51:25,32.240852,-98.26904,384.0,9,0,11,28,0,169
5343,122,122,-1.0,96568,41.2,5.6,17:51:26,32.240856,-98.26912,385.0,9,-1,10,14,0,170
5343,123,123,-1.0,96569,41.3,5.6,17:51:27,32.240856,-98.26920,385.0,9,-5,9,7,0,181
5343,124,124,-1.3,96571,41.3,5.6,17:51:28,32.240860,-98.26928,385.0,9,-8,6,3,0,182
5343,125,125,-1.1,96569,41.4,5.6,17:51:29,32.240860,-98.26936,386.0,9,-4,5,1,0,173
5343,126,126,-1.0,96568,41.2,5.6,17:51:30,32.240864,-98.26944,386.0,9,-1,5,0,0,179
5343,127,127,0.3,96554,41.0,5.6,17:51:31,32.240864,-98.26952,386.0,9,-2,4,0,0,177
5343,128,128,0.9,96567,41.2,5.6,17:51:32,32.240868,-98.26960,386.0,9,-4,-5,0,0,177
5343,129,129,-3.9,96599,41.2,5.6,17:51:33,32.240872,-98.26976,387.0,9,1,2,0,0,172
5343,130,130,0.4,96562,41.1,5.6,17:51:34,32.240876,-98.26976,387.0,9,1,3,0,0,174
5343,131,131,0.1,96556,41.1,5.6,17:51:35,32.240876,-98.26984,387.0,9,-7,3,0,0,180
5343,132,132,-1.3,96571,41.0,5.6,17:51:36,32.240876,-98.26984,387.0,9,9,-8,0,0,178
5343,133,133,0.2,96560,41.5,5.6,17:51:36,32.240876,-98.26984,387.0,9,9,0,0,0,181
5343,134,134,0.6,96550,41.1,5.6,17:51:37,32.240876,-98.26984,388.0,9,7,-2,0,0,185
5343,135,135,0.1,96559,41.1,5.6,17:51:38,32.240876,-98.26984,388.0,9,10,-2,0,0,185
5343,136,136,0.0,96557,41.2,5.6,17:51:39,32.240876,-98.26984,388.0,9,10,1,0,0,198
5343,137,137,1.0,96546,41.3,5.6,17:51:40,32.240876,-98.26984,388.0,9,7,0,0,0,214
5343,138,138,1.3,96543,41.2,5.6,17:51:41,32.240880,-98.26984,388.0,9,0,-9,0,0,232
5343,139,139,0.5,96563,41.2,5.6,17:51:42,32.240886,-98.26992,388.0,9,-2,-3,0,0,184
5343,140,140,0.4,96562,41.8,5.6,17:51:43,32.240894,-98.26992,388.0,9,0,-2,0,0,169
5343,141,141,0.8,96549,41.4,5.6,17:51:44,32.240898,-98.27000,388.0,9,0,-8,0,0,171
5343,142,142,-1.1,96570,41.7,5.6,17:51:45,32.240902,-98.27008,388.0,9,3,-14,0,0,165
5343,143,143,-1.6,96575,41.5,5.6,17:51:46,32.240910,-98.27016,389.0,9,4,-17,0,0,156
5343,144,144,1.1,96546,41.8,5.6,17:51:47,32.240914,-98.27024,389.0,9,-8,-17,0,0,140
5343,145,145,-1.2,96571,41.5,5.6,17:51:48,32.240914,-98.27024,389.0,9,16,-21,0,0,345
5343,146,146,-1.1,96569,41.5,5.6,17:51:49,32.240914,-98.27032,389.0,9,37,-28,0,0,25
5343,147,147,-1.2,96571,41.8,5.6,17:51:50,32.240914,-98.27032,389.0,9,25,-34,0,0,34
5343,148,148,0.3,96553,41.7,5.6,17:51:51,32.240914,-98.27024,389.0,9,13,-41,0,0,48
5343,149,149,0.1,96559,41.4,5.6,17:51:52,32.240914,-98.27024,389.0,9,11,-41,0,0,43
5343,150,150,0.6,96565,41.8,5.6,17:51:53,32.240918,-98.27024,389.0,9,10,-47,0,0,54
5343,151,151,0.5,96564,41.5,5.6,17:51:54,32.240918,-98.27016,389.0,9,11,-45,0,0,50
5343,152,152,0.8,96567,41.4,5.6,17:51:55,32.240918,-98.27016,389.0,9,12,-47,0,0,56
5343,153,153,0.5,96563,41.4,5.6,17:51:56,32.240918,-98.27016,389.0,9,11,-56,0,0,57
5343,154,154,0.5,96563,42.0,5.6,17:51:57,32.240918,-98.27016,389.0,9,11,-49,0,0,64
5343,155,155,0.4,96562,42.0,5.6,17:51:58,32.240918,-98.27016,389.0,9,13,-49,0,0,62
5343,156,156,0.7,96565,42.0,5.6,17:51:58,32.240918,-98.27016,389.0,9,13,-51,0,0,67
5343,157,157,0.3,96561,42.0,5.6,17:52:00,32.240918,-98.27024,389.0,9,16,-50,0,0,56
5343,158,158,0.6,96565,42.0,5.6,17:52:00,32.240918,-98.27024,389.0,9,16,-50,0,0,54
5343,159,159,0.6,96565,41.5,5.6,17:52:01,32.240918,-98.27024,389.0,9,16,-52,0,0,60
5343,160,160,0.3,96561,41.9,5.6,17:52:02,32.240918,-98.27016,389.0,9,14,-51,0,0,65
5343,161,161,0.1,96556,41.6,5.6,17:52:03,32.240918,-98.27016,389.0,9,13,-54,0,0,57
5343,162,162,0.6,96564,42.1,5.6,17:52:04,32.240918,-98.27016,389.0,9,8,-58,0,0,59
5343,163,163,0.6,96564,41.9,5.6,17:52:05,32.240918,-98.27016,389.0,9,12,-57,0,0,54
5343,164,164,0.5,96564,42.1,5.6,17:52:06,32.240918,-98.27008,389.0,9,14,-66,0,0,65
5343,165,165,0.2,96560,42.2,5.6,17:52:07,32.240918,-98.27008,389.0,9,11,-72,0,0,71
5343,166,166,0.3,96561,41.7,5.6,17:52:08,32.240918,-98.27008,389.0,9,13,-77,0,0,72
5343,167,167,0.2,96560,42.2,5.6,17:52:09,32.240918,-98.27008,389.0,9,10,-77,0,0,73
5343,168,168,0.4,96562,41.7,5.6,17:52:10,32.240918,-98.27008,390.0,9,12,-76,0,0,72
5343,169,169,0.7,96565,42.2,5.6,17:52:11,32.240918,-98.27008,390.0,9,16,-78,0,0,73
5343,170,170,0.7,96565,42.3,5.6,17:52:12,32.240918,-98.27008,390.0,9,21,-86,0,0,72
5343,171,171,0.6,96564,41.9,5.6,17:52:13,32.240918,-98.27008,390.0,8,17,-76,0,0,70
5343,172,172,0.5,96563,42.3,5.6,17:52:14,32.240918,-98.27008,390.0,8,18,-75,0,0,69
5343,173,173,0.6,96564,41.8,5.6,17:52:15,32.240918,-98.27016,390.0,8,22,-72,0,0,64
5343,174,174,0.9,96567,42.3,5.5,17:52:16,32.240918,-98.27016,390.0,9,36,-52,0,0,32
5343,175,175,-1.2,96571,42.4,5.6,17:52:17,32.240918,-98.27024,390.0,9,47,-28,0,0,0
5343,176,176,-1.9,96578,42.0,5.6,17:52:18,32.240918,-98.27032,390.0,9,52,-9,0,0,339
5343,177,177,-2.4,96584,42.0,5.6,17:52:19,32.240918,-98.27040,390.0,9,52,-10,0,0,339
5343,178,178,-2.0,96579,42.1,5.6,17:52:20,32.240918,-98.27040,390.0,9,53,-9,0,0,341
5343,179,179,-1.6,96575,42.3,5.6,17:52:21,32.240918,-98.27040,390.0,9,45,-10,0,0,338
5343,180,180,0.8,96566,42.1,5.6,17:52:22,32.240918,-98.27040,390.0,9,45,-10,0,0,339
5343,181,181,0.7,96566,41.8,5.6,17:52:23,32.240918,-98.27040,390.0,9,53,-10,0,0,337
5343,182,182,0.6,96565,42.0,5.6,17:52:24,32.240918,-98.27040,390.0,9,53,-10,0,0,338
5343,183,183,0.9,96568,42.5,5.6,17:52:25,32.240918,-98.27048,390.0,9,45,-11,0,0,338
5343,184,184,0.9,96568,42.3,5.6,17:52:26,32.240918,-98.27040,390.0,9,53,-10,0,0,337
5343,185,185,0.0,96558,42.5,5.6,17:52:27,32.240918,-98.27048,390.0,9,53,-11,0,0,334
5343,186,186,-1.3,96572,42.5,5.6,17:52:28,32.240918,-98.27048,390.0,9,53,-10,0,0,337
5343,187,187,-1.0,96568,42.5,5.6,17:52:29,32.240918,-98.27048,390.0,9,53,-10,0,0,331
5343,188,188,-1.3,96572,42.6,5.6,17:52:30,32.240918,-98.27048,390.0,9,53,-10,0,0,336
5343,189,189,0.8,96566,42.4,5.6,17:52:31,32.240918,-98.27048,390.0,9,54,-9,0,0,329
5343,190,190,-1.2,96570,42.2,5.6,17:52:32,32.240918,-98.27048,390.0,9,45,-10,0,0,333
5343,191,191,0.2,96560,42.5,5.6,17:52:33,32.240918,-98.27048,390.0,9,53,-10,0,0,336
5343,192,192,0.4,96562,42.2,5.6,17:52:34,32.240918,-98.27048,390.0,9,53,-10,0,0,337
5343,193,193,-1.4,96572,42.6,5.5,17:52:35,32.240918,-98.27048,390.0,9,53,-10,0,0,333
5343,194,194,-1.3,96572,42.6,5.6,17:52:36,32.240918,-98.27048,390.0,9,45,-10,0,0,332
5343,195,195,0.7,96565,42.6,5.6,17:52:37,32.240918,-98.27048,390.0,9,45,-10,0,0,333
5343,196,196,-1.0,96569,42.2,5.6,17:52:37,32.240918,-98.27048,390.0,9,53,-10,0,0,332
5343,197,197,-1.2,96570,42.6,5.6,17:52:38,32.240918,-98.27048,390.0,9,45,-11,0,0,333
5343,198,198,0.9,96567,42.6,5.6,17:52:39,32.240918,-98.27048,390.0,9,53,-11,0,0,334
5343,199,199,-1.0,96568,42.3,5.6,17:52:40,32.240918,-98.27048,390.0,9,45,-11,0,0,334
5343,200,200,0.4,96562,42.7,5.6,17:52:41,32.240918,-98.27048,390.0,9,53,-11,0,0,333
5343,201,201,0.3,96561,42.4,5.6,17:52:42,32.240918,-98.27048,390.0,9,53,-10,0,0,332
5343,202,202,-1.0,96569,42.2,5.6,17:52:43,32.240918,-98.27048,390.0,9,53,-10,0,0,330
5343,203,203,-1.8,96577,42.8,5.6,17:52:44,32.240918,-98.27048,390.0,9,53,-10,0,0,329
5343,204,204,0.1,96555,42.7,5.5,17:52:45,32.240918,-98.27048,390.0,9,45,-10,0,0,331
5343,205,205,0.3,96562,42.4,5.6,17:52:46,32.240918,-98.27048,390.0,9,53,-11,0,0,335
5343,206,206,0.7,96565,42.3,5.6,17:52:47,32.240918,-98.27048,390.0,9,45,-10,0,0,332
5343,207,207,0.8,96566,42.8,5.6,17:52:48,32.240918,-98.27048,390.0,9,53,-10,0,0,336
5343,208,208,-1.4,96573,42.4,5.6,17:52:49,32.240918,-98.27048,390.0,9,54,-10,0,0,329
5343,209,209,-1.4,96572,42.5,5.6,17:52:50,32.240918,-98.27048,390.0,9,54,-10,0,0,326
5343,210,210,0.6,96564,42.8,5.5,17:52:51,32.240918,-98.27048,390.0,9,45,-10,0,0,329
5343,211,211,0.9,96568,42.9,5.5,17:52:52,32.240918,-98.27048,390.0,9,45,-10,0,0,329
5343,212,212,-1.3,96572,42.9,5.6,17:52:53,32.240918,-98.27048,390.0,9,53,-10,0,0,329
5343,213,213,0.7,96566,42.5,5.6,17:52:54,32.240918,-98.27048,390.0,9,53,-10,0,0,330
5343,214,214,0.4,96563,42.7,5.6,17:52:55,32.240918,-98.27048,390.0,9,53,-10,0,0,332
5343,215,215,-1.1,96569,42.8,5.6,17:52:56,32.240918,-98.27048,390.0,9,53,-10,0,0,330
5343,216,216,0.8,96567,42.7,5.6,17:52:57,32.240918,-98.27048,390.0,9,53,-11,0,0,333
5343,217,217,-1.7,96576,42.8,5.6,17:52:58,32.240918,-98.27048,390.0,9,53,-11,0,0,332
5343,218,218,-1.0,96568,42.5,5.6,17:52:59,32.240918,-98.27048,390.0,9,53,-11,0,0,336
5343,219,219,0.8,96566,42.5,5.6,17:53:00,32.240918,-98.27048,390.0,9,53,-19,0,0,335
5343,220,220,-1.3,96572,43.0,5.6,17:53:01,32.240918,-98.27048,390.0,9,53,-11,0,0,332
5343,221,221,-1.0,96568,43.0,5.5,17:53:02,32.240918,-98.27048,390.0,9,53,-11,0,0,334
5343,222,222,-2.1,96580,43.1,5.6,17:53:03,32.240918,-98.27048,390.0,9,53,-11,0,0,329
5343,223,223,-2.1,96580,42.6,5.6,17:53:04,32.240918,-98.27048,390.0,9,53,-11,0,0,328
5343,224,224,-1.5,96573,43.1,5.6,17:53:05,32.240918,-98.27048,390.0,9,45,-10,0,0,328
5343,225,225,0.5,96563,43.1,5.6,17:53:06,32.240918,-98.27048,390.0,9,45,-11,0,0,330
5343,226,226,0.7,96565,43.0,5.6,17:53:07,32.240918,-98.27048,390.0,9,53,-19,0,0,332
5343,227,227,-1.0,96568,42.7,5.6,17:53:08,32.240918,-98.27048,390.0,9,53,-11,0,0,334
5343,228,228,-1.1,96570,43.2,5.6,17:53:09,32.240918,-98.27048,390.0,9,53,-11,0,0,333
5343,229,229,-1.1,96570,43.2,5.5,17:53:10,32.240918,-98.27048,390.0,9,45,-10,0,0,329
5343,230,230,0.8,96567,43.1,5.6,17:53:11,32.240918,-98.27048,390.0,9,45,-10,0,0,332
5343,231,231,0.8,96567,42.9,5.6,17:53:12,32.240918,-98.27048,390.0,9,45,-10,0,0,328
5343,232,232,-1.6,96575,42.9,5.6,17:53:13,32.240918,-98.27048,390.0,9,53,-10,0,0,326
5343,233,233,-2.1,96580,43.1,5.6,17:53:14,32.240918,-98.27048,390.0,9,53,-10,0,0,326
5343,234,234,-1.3,96572,43.0,5.6,17:53:14,32.240918,-98.27048,390.0,9,53,-10,0,0,326
5343,235,235,-1.5,96573,42.8,5.6,17:53:15,32.240918,-98.27048,390.0,9,45,-10,0,0,324
5343,236,236,-1.3,96571,43.3,5.6,17:53:16,32.240918,-98.27048,390.0,9,46,-10,0,0,322
5343,237,237,-1.7,96576,43.3,5.5,17:53:17,32.240918,-98.27048,390.0,9,54,-10,0,0,321
5343,238,238,-2.4,96583,43.3,5.6,17:53:18,32.240918,-98.27048,390.0,9,7,0,0,0,321
5343,239,239,-1.3,96571,43.3,5.6,17:53:20,32.240918,-98.27048,390.0,10,7,0,0,0,322
5343,240,240,-1.0,96569,42.9,5.5,17:53:21,32.240918,-98.27048,390.0,10,0,0,0,0,323
5343,241,241,0.0,96569,43.3,5.5,17:53:22,32.240918,-98.27048,390.0,10,0,0,0,0,326
5343,242,242,0.8,96561,42.8,5.6,17:53:23,32.240918,-98.27048,390.0,10,6,0,0,0,331
5343,243,243,0.0,96570,42.9,5.6,17:53:24,32.240918,-98.27048,390.0,10,6,0,0,0,331
5343,244,244,0.0,96569,42.9,5.6,17:53:25,32.240918,-98.27048,390.0,10,-1,0,0,0,330
5343,245,245,0.6,96563,43.5,5.5,17:53:26,32.240918,-98.27048,390.0,10,6,-8,0,0,333
5343,246,246,0.3,96566,42.9,5.6,17:53:27,32.240918,-98.27048,390.0,10,6,0,0,0,333
5343,247,247,0.0,96568,43.5,5.5,17:53:27,32.240918,-98.27048,390.0,10,6,0,0,0,332
5343,248,248,0.1,96568,43.0,5.6,17:53:28,32.240918,-98.27048,390.0,10,6,0,0,0,332
5343,1,1,-1.0,96572,43.0,5.6,17:53:33,32.240918,-98.27048,390.0,10,-7,0,0,0,325
5343,2,2,-3.1,96594,43.3,5.6,17:53:34,32.240918,-98.27048,390.0,10,-7,0,0,0,319
5343,3,3,-2.4,96587,43.0,5.6,17:53:35,32.240918,-98.27048,390.0,10,0,0,0,0,320
5343,4,4,-1.1,96574,43.0,5.6,17:53:36,32.240918,-98.27048,390.0,10,0,0,0,0,320
5343,5,5,0.1,96564,43.6,5.5,17:53:37,32.240918,-98.27048,390.0,10,-7,0,0,0,322
5343,6,6,0.3,96565,43.4,5.6,17:53:38,32.240918,-98.27048,390.0,10,0,0,0,0,328
5343,7,7,0.2,96564,43.6,5.6,17:53:39,32.240918,-98.27048,390.0,10,0,0,0,0,325
5343,8,8,-1.0,96573,43.2,5.6,17:53:40,32.240918,-98.27048,390.0,10,0,0,0,0,325
5343,9,9,0.7,96569,43.1,5.6,17:53:41,32.240918,-98.27048,390.0,10,0,-7,0,0,330
5343,10,10,-1.2,96575,43.1,5.6,17:53:41,32.240918,-98.27048,390.0,10,0,0,0,0,329
5343,11,11,0.6,96569,43.1,5.6,17:53:42,32.240918,-98.27048,390.0,10,0,0,0,0,328
5343,12,12,0.4,96567,43.6,5.5,17:53:43,32.240918,-98.27048,390.0,10,-7,0,0,0,331
5343,13,13,0.2,96565,43.7,5.5,17:53:44,32.240918,-98.27048,390.0,10,0,0,0,0,330
5343,14,14,0.5,96567,43.7,5.6,17:53:45,32.240918,-98.27048,390.0,10,-7,0,0,0,325
5343,15,15,0.9,96572,43.6,5.6,17:53:46,32.240918,-98.27048,390.0,10,0,0,0,0,327
5343,16,16,0.5,96567,43.6,5.6,17:53:47,32.240918,-98.27048,390.0,10,0,-8,0,0,330
5343,17,17,0.7,96570,43.8,5.5,17:53:48,32.240918,-98.27048,390.0,10,0,-8,0,0,330
5343,18,18,-1.0,96572,43.8,5.6,17:53:49,32.240918,-98.27048,390.0,10,0,0,0,0,330
5343,19,19,-1.0,96573,43.3,5.6,17:53:50,32.240918,-98.27048,390.0,10,0,0,0,0,328
5343,20,20,0.5,96567,43.3,5.6,17:53:51,32.240918,-98.27048,390.0,10,-7,0,0,0,323
5343,21,21,0.6,96569,43.3,5.6,17:53:52,32.240918,-98.27048,390.0,10,0,0,0,0,329
5343,22,22,0.4,96566,43.3,5.6,17:53:53,32.240918,-98.27048,390.0,10,0,0,0,0,329
5343,23,23,0.8,96571,43.6,5.6,17:53:54,32.240918,-98.27048,390.0,10,-7,0,0,0,324
5343,24,24,0.9,96572,43.4,5.6,17:53:55,32.240918,-98.27048,390.0,10,-7,0,0,0,325
5343,25,25,-1.0,96573,43.6,5.6,17:53:56,32.240918,-98.27048,390.0,10,0,0,0,0,328
5343,26,26,0.8,96570,43.6,5.6,17:53:57,32.240918,-98.27048,390.0,10,0,0,0,0,329
5343,27,27,0.5,96568,43.3,5.6,17:53:58,32.240918,-98.27048,390.0,10,0,0,0,0,326
5343,28,28,0.7,96570,43.6,5.5,17:53:59,32.240918,-98.27048,390.0,10,-7,0,0,0,321
5343,29,29,-1.1,96574,43.7,5.6,17:54:00,32.240918,-98.27048,390.0,10,0,-8,0,0,322
5343,30,30,0.9,96572,43.9,5.6,17:54:01,32.240918,-98.27048,390.0,10,0,0,0,0,322
5343,31,31,-1.1,96574,43.8,5.6,17:54:02,32.240918,-98.27048,390.0,10,0,0,0,0,322
5343,32,32,-1.5,96578,43.5,5.6,17:54:03,32.240918,-98.27048,390.0,10,0,0,0,0,318
5343,33,33,-1.6,96579,43.4,5.6,17:54:04,32.240918,-98.27048,390.0,10,-7,0,0,0,318
5343,34,34,0.6,96569,43.9,5.5,17:54:05,32.240918,-98.27048,390.0,10,-7,0,0,0,319
5343,35,35,-1.1,96574,44.0,5.5,17:54:06,32.240918,-98.27048,390.0,10,-7,0,0,0,320
5343,36,36,0.4,96567,43.6,5.6,17:54:07,32.240918,-98.27048,390.0,10,0,0,0,0,323
5343,37,37,0.3,96566,43.8,5.6,17:54:08,32.240918,-98.27048,390.0,10,0,0,0,0,327
5343,38,38,0.9,96571,43.4,5.5,17:54:09,32.240918,-98.27048,390.0,10,0,0,0,0,323
5343,39,39,-1.0,96573,43.7,5.5,17:54:10,32.240918,-98.27048,390.0,10,0,-7,0,0,323
5343,40,40,-1.1,96574,43.5,5.6,17:54:11,32.240918,-98.27048,390.0,10,0,-7,0,0,323
5343,41,41,-1.0,96573,43.6,5.6,17:54:12,32.240918,-98.27048,390.0,10,0,0,0,0,322
5343,42,42,-1.0,96573,44.1,5.5,17:54:12,32.240918,-98.27048,390.0,10,0,0,0,0,323
5343,43,43,0.3,96566,44.1,5.6,17:54:13,32.240918,-98.27048,390.0,10,0,0,0,0,325
5343,44,44,-1.0,96573,43.6,5.5,17:54:14,32.240918,-98.27048,390.0,10,0,-8,0,0,326
5343,45,45,-1.4,96577,44.2,5.5,17:54:15,32.240918,-98.27048,390.0,10,0,0,0,0,324
5343,46,46,-1.0,96573,43.7,5.5,17:54:16,32.240918,-98.27048,390.0,9,0,0,0,0,323
5343,47,47,0.4,96566,43.7,5.6,17:54:17,32.240918,-98.27048,390.0,9,0,-8,0,0,327
5343,48,48,-1.3,96576,43.8,5.6,17:54:18,32.240918,-98.27048,390.0,10,0,-7,0,0,324
5343,49,49,0.8,96571,43.6,5.6,17:54:19,32.240918,-98.27048,390.0,9,-7,0,0,0,321
5343,50,50,-1.3,96576,43.6,5.6,17:54:20,32.240918,-98.27048,390.0,10,1,0,0,0,328
5343,51,51,-2.7,96590,44.1,5.5,17:54:21,32.240918,-98.27048,390.0,10,0,0,0,0,322
5343,52,52,0.6,96569,43.7,5.6,17:54:22,32.240918,-98.27048,390.0,10,1,0,0,0,317
5343,53,53,-1.3,96576,43.9,5.5,17:54:23,32.240918,-98.27048,390.0,9,1,-7,0,0,322
5343,54,54,-2.3,96586,44.1,5.6,17:54:24,32.240918,-98.27048,390.0,10,1,0,0,0,320
5343,55,55,-1.6,96580,44.2,5.5,17:54:25,32.240918,-98.27048,390.0,10,1,0,0,0,316
5343,56,56,-2.0,96583,43.7,5.6,17:54:26,32.240918,-98.27048,390.0,10,-6,0,0,0,316
5343,57,57,-1.8,96581,44.2,5.5,17:54:27,32.240918,-98.27048,390.0,10,1,0,0,0,315
5343,58,58,0.7,96569,44.0,5.5,17:54:28,32.240918,-98.27048,390.0,10,1,0,0,0,314
5343,59,59,-1.5,96578,43.6,5.6,17:54:29,32.240918,-98.27048,390.0,10,1,0,0,0,314
5343,60,60,-1.8,96581,44.3,5.5,17:54:30,32.240918,-98.27048,390.0,10,2,0,0,0,312
5343,61,61,-1.4,96577,43.7,5.6,17:54:31,32.240918,-98.27048,390.0,10,1,0,0,0,316
5343,62,62,0.3,96566,44.2,5.5,17:54:32,32.240918,-98.27048,390.0,10,0,0,0,0,319
5343,63,63,0.1,96563,43.6,5.5,17:54:33,32.240918,-98.27048,390.0,10,0,-7,0,0,321
5343,64,64,-1.4,96577,44.4,5.5,17:54:34,32.240918,-98.27048,390.0,10,2,1,0,0,318
5343,65,65,-2.4,96587,44.3,5.6,17:54:35,32.240918,-98.27048,390.0,10,2,1,0,0,316
5343,66,66,0.9,96572,43.7,5.6,17:54:36,32.240918,-98.27048,390.0,10,2,1,0,0,314
5343,67,67,-2.4,96587,43.7,5.6,17:54:37,32.240918,-98.27048,390.0,10,3,1,0,0,313
5343,68,68,-1.5,96578,43.8,5.6,17:54:38,32.240918,-98.27048,390.0,10,3,1,0,0,312
5343,69,69,-2.8,96592,44.3,5.5,17:54:39,32.240918,-98.27048,390.0,10,3,1,0,0,312
5343,70,70,-1.2,96575,44.3,5.5,17:54:40,32.240918,-98.27048,390.0,10,3,1,0,0,312
5343,71,71,-1.2,96575,44.4,5.5,17:54:41,32.240918,-98.27048,390.0,9,2,1,0,0,313
5343,72,72,-1.9,96583,44.4,5.5,17:54:42,32.240918,-98.27048,390.0,10,2,1,0,0,314
5343,73,73,0.9,96572,44.0,5.6,17:54:43,32.240918,-98.27048,390.0,10,2,1,0,0,315
5343,74,74,0.6,96569,44.2,5.6,17:54:44,32.240918,-98.27048,390.0,10,2,1,0,0,315
5343,75,75,-1.5,96578,44.2,5.5,17:54:45,32.240918,-98.27048,390.0,10,2,1,0,0,316
5343,76,76,-1.1,96574,44.4,5.5,17:54:46,32.240918,-98.27048,390.0,10,2,1,0,0,318
5343,77,77,-1.2,96575,44.4,5.5,17:54:47,32.240918,-98.27048,390.0,10,2,1,0,0,324
5343,78,78,0.8,96571,44.4,5.6,17:54:48,32.240918,-98.27048,390.0,10,2,1,0,0,327
5343,79,79,0.9,96571,44.4,5.5,17:54:49,32.240918,-98.27048,390.0,9,1,0,0,0,321
5343,80,80,-1.0,96573,44.2,5.6,17:54:50,32.240918,-98.27048,390.0,9,-7,0,0,0,318
5343,81,81,-2.1,96584,44.3,5.5,17:54:51,32.240918,-98.27048,390.0,9,-7,0,0,0,317
5343,82,82,-1.8,96582,43.9,5.6,17:54:52,32.240918,-98.27048,390.0,9,0,0,0,0,316
5343,83,83,-1.4,96577,44.5,5.6,17:54:52,32.240918,-98.27048,390.0,9,0,0,0,0,318
5343,84,84,0.7,96570,44.2,5.5,17:54:53,32.240918,-98.27048,390.0,10,-7,0,0,0,318
5343,85,85,-2.1,96584,43.8,5.6,17:54:54,32.240918,-98.27048,390.0,9,-7,0,0,0,315
5343,86,86,0.4,96567,44.4,5.5,17:54:55,32.240918,-98.27048,390.0,10,0,0,0,0,318
5343,87,87,-3.1,96594,44.6,5.6,17:54:56,32.240918,-98.27048,390.0,10,0,0,0,0,312
5343,88,88,-1.1,96574,44.5,5.5,17:54:57,32.240918,-98.27048,390.0,10,0,0,0,0,315
5343,89,89,0.7,96570,44.4,5.5,17:54:58,32.240918,-98.27048,390.0,10,0,0,0,0,315
5343,90,90,-1.1,96574,44.1,5.5,17:54:59,32.240918,-98.27048,390.0,10,-7,0,0,0,315
5343,91,91,-1.2,96575,44.5,5.5,17:55:00,32.240918,-98.27048,390.0,10,-6,0,0,0,315
5343,92,92,-3.7,96601,44.5,5.6,17:55:01,32.240918,-98.27048,390.0,10,1,1,0,0,311
5343,93,93,-2.6,96590,44.2,5.5,17:55:02,32.240918,-98.27048,390.0,10,1,1,0,0,313
5343,94,94,-1.1,96574,44.1,5.5,17:55:03,32.240918,-98.27048,390.0,10,1,1,0,0,314
5343,95,95,-1.0,96573,44.4,5.6,17:55:04,32.240918,-98.27048,390.0,10,-6,1,0,0,313
5343,96,96,0.7,96570,44.6,5.5,17:55:05,32.240918,-98.27048,390.0,10,-6,1,0,0,314
5343,97,97,-1.1,96574,44.0,5.6,17:55:06,32.240918,-98.27048,390.0,10,1,0,0,0,314
5343,98,98,-1.8,96582,44.6,5.5,17:55:07,32.240918,-98.27048,390.0,10,1,0,0,0,314
5343,99,99,0.7,96569,44.4,5.6,17:55:08,32.240918,-98.27048,390.0,10,1,0,0,0,316
5343,100,100,0.5,96568,44.6,5.5,17:55:09,32.240918,-98.27048,390.0,10,-6,0,0,0,319
5343,101,101,0.9,96572,44.7,5.5,17:55:10,32.240918,-98.27048,390.0,10,-6,0,0,0,315
5343,102,102,-1.3,96576,44.3,5.6,17:55:11,32.240918,-98.27048,390.0,10,-6,0,0,0,312
5343,103,103,-1.2,96575,44.4,5.6,17:55:12,32.240918,-98.27048,390.0,10,1,0,0,0,311
5343,104,104,0.8,96570,44.1,5.6,17:55:13,32.240918,-98.27048,390.0,10,1,0,0,0,312
5343,105,105,-1.5,96578,44.4,5.5,17:55:14,32.240918,-98.27048,390.0,10,1,0,0,0,312
5343,106,106,-1.1,96574,44.2,5.6,17:55:15,32.240918,-98.27048,390.0,9,-6,0,0,0,313
5343,107,107,-1.2,96575,44.6,5.5,17:55:16,32.240918,-98.27048,390.0,9,-6,0,0,0,312
5343,108,108,0.8,96571,44.1,5.5,17:55:17,32.240918,-98.27048,390.0,9,-6,0,0,0,311
5343,109,109,-1.4,96578,44.2,5.5,17:55:18,32.240918,-98.27048,390.0,9,1,0,0,0,312
5343,110,110,-1.5,96578,44.7,5.5,17:55:19,32.240918,-98.27048,390.0,9,1,0,0,0,312
5343,111,111,-1.2,96575,44.5,5.6,17:55:20,32.240918,-98.27048,390.0,9,1,0,0,0,316
5343,112,112,-2.1,96584,44.7,5.5,17:55:21,32.240918,-98.27048,390.0,9,-6,0,0,0,312
5343,113,113,-1.3,96576,44.7,5.5,17:55:22,32.240918,-98.27048,390.0,9,0,0,0,0,317
5343,114,114,-1.1,96574,44.7,5.6,17:55:23,32.240918,-98.27048,390.0,9,0,0,0,0,319
5343,115,115,0.9,96571,44.7,5.5,17:55:24,32.240918,-98.27048,390.0,9,0,0,0,0,320
5343,116,116,-1.2,96575,44.5,5.5,17:55:25,32.240918,-98.27048,390.0,10,-7,0,0,0,316
5343,117,117,-1.3,96576,44.2,5.6,17:55:26,32.240918,-98.27048,390.0,11,-7,0,0,0,312
5343,118,118,-1.4,96577,44.5,5.5,17:55:27,32.240918,-98.27048,390.0,10,0,0,0,0,312
5343,119,119,-1.5,96578,44.5,5.5,17:55:28,32.240918,-98.27048,389.0,9,0,0,0,0,311
5343,120,120,-2.3,96586,44.3,5.6,17:55:29,32.240918,-98.27048,389.0,9,0,0,0,0,310
5343,121,121,-4.3,96607,44.5,5.5,17:55:30,32.240918,-98.27048,389.0,9,3,1,0,0,302
5343,122,122,-2.7,96591,44.6,5.5,17:55:31,32.240918,-98.27048,389.0,9,3,1,0,0,304
5343,123,123,-2.7,96590,44.9,5.5,17:55:32,32.240918,-98.27048,389.0,9,1,1,0,0,305
5343,124,124,-2.2,96585,44.7,5.5,17:55:33,32.240918,-98.27048,389.0,9,1,0,0,0,306
5343,125,125,0.7,96570,44.3,5.5,17:55:34,32.240918,-98.27048,389.0,9,1,1,0,0,306
5343,126,126,-1.6,96579,44.8,5.5,17:55:35,32.240918,-98.27048,389.0,9,-6,1,0,0,307
5343,127,127,-2.8,96592,44.6,5.5,17:55:36,32.240918,-98.27048,389.0,9,-6,0,0,0,306
5343,128,128,-2.5,96588,44.8,5.5,17:55:37,32.240918,-98.27048,389.0,9,-6,0,0,0,306
5343,129,129,-4.1,96605,44.4,5.6,17:55:38,32.240918,-98.27048,389.0,9,2,1,0,0,305
5343,130,130,-3.6,96600,44.4,5.6,17:55:39,32.240918,-98.27048,389.0,9,3,1,0,0,303
5343,131,131,-3.3,96597,45.0,5.5,17:55:40,32.240918,-98.27048,389.0,9,3,1,0,0,303
5343,132,132,-3.5,96599,44.8,5.5,17:55:41,32.240918,-98.27048,389.0,9,3,1,0,0,303
5343,133,133,-1.0,96573,44.4,5.5,17:55:42,32.240918,-98.27048,389.0,9,1,0,0,0,304
5343,134,134,-1.4,96577,44.6,5.5,17:55:43,32.240918,-98.27048,389.0,9,1,0,0,0,311
5343,135,135,-1.3,96576,45.0,5.6,17:55:44,32.240918,-98.27048,389.0,9,1,0,0,0,312
5343,136,136,-2.9,96592,44.8,5.5,17:55:45,32.240918,-98.27048,389.0,10,2,0,0,0,306
5343,137,137,-2.6,96590,44.9,5.5,17:55:45,32.240918,-98.27048,389.0,10,2,0,0,0,305
5343,138,138,-1.2,96575,44.9,5.5,17:55:46,32.240918,-98.27048,389.0,9,2,1,0,0,307
5343,139,139,-1.4,96577,44.6,5.6,17:55:47,32.240918,-98.27048,389.0,10,2,1,0,0,307
5343,140,140,-1.5,96579,44.7,5.6,17:55:48,32.240918,-98.27048,389.0,10,1,0,0,0,306
5343,141,141,-2.0,96583,45.0,5.5,17:55:49,32.240918,-98.27048,389.0,10,1,0,0,0,308
5343,142,142,0.9,96572,45.1,5.5,17:55:50,32.240918,-98.27048,389.0,11,0,0,0,0,309
5343,143,143,-2.2,96586,44.9,5.6,17:55:51,32.240918,-98.27048,389.0,10,-7,0,0,0,304
5343,144,144,0.5,96567,45.1,5.5,17:55:52,32.240918,-98.27048,389.0,11,0,0,0,0,309
5343,145,145,0.8,96571,45.1,5.5,17:55:53,32.240918,-98.27048,389.0,10,-7,0,0,0,308
5343,146,146,-1.1,96573,45.1,5.5,17:55:54,32.240918,-98.27048,389.0,11,0,0,0,0,306
5343,147,147,0.8,96570,44.7,5.6,17:55:55,32.240918,-98.27048,389.0,11,0,0,0,0,311
5343,148,148,-1.2,96575,44.6,5.5,17:55:56,32.240918,-98.27048,389.0,11,0,0,0,0,306
5343,149,149,-1.7,96581,44.8,5.5,17:55:57,32.240918,-98.27048,389.0,10,-7,0,0,0,306
5343,150,150,-1.1,96574,45.1,5.5,17:55:58,32.240918,-98.27048,389.0,10,0,-7,0,0,307
5343,151,151,0.8,96570,44.6,5.6,17:55:59,32.240918,-98.27048,389.0,10,-7,0,0,0,308
5343,152,152,-2.5,96589,45.2,5.5,17:56:00,32.240918,-98.27048,389.0,10,0,0,0,0,305
5343,153,153,-1.2,96574,44.7,5.5,17:56:01,32.240918,-98.27048,389.0,10,0,0,0,0,306
5343,154,154,-2.2,96585,45.2,5.5,17:56:02,32.240918,-98.27048,389.0,10,-7,0,0,0,306
5343,155,155,-1.8,96581,45.2,5.5,17:56:03,32.240918,-98.27048,389.0,10,-7,0,0,0,304
5343,156,156,-1.0,96573,45.2,5.6,17:56:04,32.240918,-98.27048,389.0,10,0,0,0,0,310
5343,157,157,-1.0,96573,44.6,5.6,17:56:05,32.240918,-98.27048,389.0,10,0,0,0,0,312
5343,158,158,0.6,96568,44.7,5.5,17:56:06,32.240918,-98.27048,389.0,10,-7,0,0,0,310
5343,159,159,0.9,96571,44.8,5.6,17:56:07,32.240918,-98.27048,389.0,10,-7,0,0,0,314
5343,160,160,-1.1,96574,45.1,5.5,17:56:08,32.240918,-98.27048,389.0,10,0,0,0,0,305
5343,161,161,-1.0,96573,44.6,5.5,17:56:08,32.240918,-98.27048,389.0,10,0,0,0,0,305
5343,162,162,0.8,96571,44.7,5.5,17:56:09,32.240918,-98.27048,389.0,10,-7,0,0,0,304
5343,163,163,0.7,96569,44.8,5.5,17:56:10,32.240918,-98.27048,389.0,10,0,0,0,0,305
5343,164,164,-2.0,96584,45.1,5.6,17:56:11,32.240918,-98.27048,389.0,10,-7,0,0,0,304
5343,165,165,0.7,96570,44.9,5.5,17:56:12,32.240918,-98.27048,389.0,10,0,0,0,0,306
5343,166,166,0.9,96571,44.7,5.5,17:56:13,32.240918,-98.27048,389.0,10,0,0,0,0,305
5343,167,167,-1.3,96576,45.3,5.5,17:56:14,32.240918,-98.27048,389.0,11,0,0,0,0,305
5343,168,168,-1.1,96574,44.8,5.5,17:56:15,32.240918,-98.27048,389.0,11,0,0,0,0,310
5343,169,169,0.6,96569,45.0,5.5,17:56:16,32.240918,-98.27048,389.0,10,0,-7,0,0,311
5343,170,170,-1.2,96575,44.7,5.6,17:56:17,32.240918,-98.27048,389.0,10,-7,0,0,0,306
5343,171,171,0.8,96571,45.0,5.5,17:56:18,32.240918,-98.27048,389.0,11,-7,0,0,0,305
5343,172,172,-1.2,96575,45.1,5.5,17:56:19,32.240918,-98.27048,389.0,10,0,0,0,0,304
5343,173,173,-1.2,96575,45.0,5.5,17:56:20,32.240918,-98.27048,389.0,10,0,0,0,0,305
5343,174,174,-1.0,96573,44.8,5.5,17:56:21,32.240918,-98.27048,389.0,10,-7,0,0,0,305
5343,175,175,0.6,96569,44.8,5.5,17:56:22,32.240918,-98.27048,389.0,10,0,-8,0,0,312
5343,176,176,-1.1,96574,45.0,5.5,17:56:23,32.240918,-98.27048,389.0,11,0,0,0,0,305
5343,177,177,-1.0,96573,45.3,5.5,17:56:24,32.240918,-98.27048,389.0,10,0,0,0,0,304
5343,178,178,0.9,96572,44.9,5.5,17:56:25,32.240918,-98.27048,389.0,10,0,0,0,0,304
5343,179,179,0.7,96570,44.9,5.5,17:56:26,32.240918,-98.27048,389.0,10,-7,0,0,0,305
5343,180,180,0.9,96572,44.7,5.5,17:56:27,32.240918,-98.27048,389.0,10,-7,0,0,0,308
5343,181,181,0.8,96571,45.1,5.5,17:56:28,32.240918,-98.27048,389.0,10,-7,0,0,0,312
5343,182,182,-1.1,96574,44.9,5.5,17:56:29,32.240918,-98.27048,389.0,11,0,0,0,0,312
5343,183,183,-1.1,96574,44.9,5.6,17:56:30,32.240918,-98.27048,389.0,11,0,0,0,0,311
5343,184,184,-1.1,96574,45.4,5.5,17:56:31,32.240918,-98.27048,389.0,11,0,-7,0,0,311
5343,185,185,-1.0,96573,45.2,5.5,17:56:32,32.240918,-98.27048,389.0,11,0,0,0,0,311
5343,186,186,0.8,96570,45.5,5.5,17:56:33,32.240918,-98.27048,389.0,11,-7,0,0,0,312
5343,187,187,0.7,96570,44.9,5.5,17:56:34,32.240918,-98.27048,389.0,11,0,-7,0,0,312
5343,188,188,-1.1,96574,45.1,5.5,17:56:35,32.240918,-98.27048,389.0,11,0,0,0,0,311
5343,189,189,0.8,96571,45.5,5.5,17:56:36,32.240918,-98.27048,389.0,11,-7,0,0,0,308
5343,190,190,0.8,96571,45.0,5.5,17:56:37,32.240918,-98.27048,389.0,10,0,0,0,0,307
5343,191,191,0.9,96572,45.5,5.5,17:56:38,32.240918,-98.27048,389.0,10,-7,0,0,0,308
5343,192,192,-1.0,96573,45.5,5.5,17:56:39,32.240918,-98.27048,389.0,11,0,0,0,0,308
5343,193,193,-1.1,96574,45.6,5.5,17:56:40,32.240918,-98.27048,389.0,11,0,0,0,0,305
5343,194,194,-1.1,96574,45.2,5.5,17:56:41,32.240918,-98.27048,389.0,11,0,-7,0,0,310
5343,195,195,0.9,96572,45.5,5.6,17:56:42,32.240918,-98.27048,389.0,11,0,0,0,0,302
5343,196,196,-1.5,96579,45.0,5.5,17:56:43,32.240918,-98.27048,389.0,11,0,0,0,0,303
5343,197,197,-1.1,96574,45.6,5.5,17:56:44,32.240918,-98.27048,389.0,11,0,0,0,0,304
5343,198,198,-1.3,96576,45.0,5.5,17:56:45,32.240918,-98.27048,389.0,11,0,0,0,0,306
5343,199,199,-1.3,96576,45.6,5.5,17:56:46,32.240918,-98.27048,389.0,11,0,0,0,0,305
5343,200,200,-1.2,96575,45.0,5.6,17:56:47,32.240918,-98.27048,389.0,11,0,0,0,0,303
5343,201,201,-1.0,96573,45.5,5.5,17:56:48,32.240918,-98.27048,389.0,10,0,0,0,0,302
5343,202,202,0.9,96572,45.3,5.5,17:56:49,32.240918,-98.27048,389.0,10,0,0,0,0,303
5343,203,203,-1.6,96579,45.1,5.5,17:56:49,32.240918,-98.27048,389.0,10,0,0,0,0,303
5343,204,204,0.9,96571,45.1,5.5,17:56:50,32.240918,-98.27048,389.0,11,0,0,0,0,305
5343,205,205,-1.4,96578,45.6,5.5,17:56:51,32.240918,-98.27048,389.0,10,0,0,0,0,302
5343,206,206,-1.6,96579,45.5,5.5,17:56:52,32.240918,-98.27048,389.0,10,-7,0,0,0,302
5343,207,207,-1.2,96575,45.4,5.5,17:56:53,32.240918,-98.27048,389.0,10,0,0,0,0,307
5343,208,208,-1.6,96579,45.6,5.5,17:56:54,32.240918,-98.27048,389.0,10,0,0,0,0,304
5343,209,209,-1.4,96577,45.4,5.5,17:56:56,32.240918,-98.27048,389.0,10,0,0,0,0,301
5343,210,210,0.9,96572,45.1,5.5,17:56:57,32.240918,-98.27048,389.0,10,0,0,0,0,302
5343,211,211,-1.1,96574,45.2,5.5,17:56:58,32.240918,-98.27048,389.0,11,0,-8,0,0,304
5343,212,212,-1.2,96575,45.5,5.5,17:56:59,32.240918,-98.27048,389.0,11,0,-8,0,0,306
5343,213,213,-1.2,96575,45.2,5.5,17:57:00,32.240918,-98.27048,389.0,11,0,-8,0,0,308
5343,214,214,-2.0,96583,45.7,5.5,17:57:01,32.240918,-98.27048,389.0,11,0,0,0,0,297
5343,215,215,-2.4,96588,45.6,5.5,17:57:02,32.240918,-98.27048,389.0,10,0,0,0,0,298
5343,216,216,-1.1,96574,45.7,5.5,17:57:03,32.240918,-98.27048,389.0,10,0,0,0,0,299
5343,217,217,-1.0,96573,45.8,5.5,17:57:03,32.240918,-98.27048,389.0,10,0,0,0,0,298
5343,218,218,-1.1,96574,45.2,5.5,17:57:04,32.240918,-98.27048,389.0,10,0,0,0,0,299
5343,219,219,0.8,96571,45.7,5.5,17:57:05,32.240918,-98.27048,389.0,10,0,0,0,0,301
5343,220,220,0.8,96571,45.3,5.5,17:57:06,32.240918,-98.27048,389.0,10,0,0,0,0,301
5343,221,221,0.8,96571,45.7,5.5,17:57:07,32.240918,-98.27048,389.0,10,-7,0,0,0,300
5343,222,222,-1.7,96580,45.7,5.5,17:57:08,32.240918,-98.27048,389.0,10,-7,0,0,0,298
5343,223,223,-1.5,96578,45.4,5.5,17:57:09,32.240918,-98.27048,389.0,10,-7,0,0,0,298
5343,224,224,-1.3,96576,45.2,5.5,17:57:10,32.240918,-98.27048,389.0,10,0,0,0,0,302
5343,225,225,-1.3,96576,45.3,5.5,17:57:11,32.240918,-98.27048,389.0,10,-7,0,0,0,305
5343,226,226,-1.0,96573,45.2,5.5,17:57:12,32.240918,-98.27048,389.0,10,0,0,0,0,299
5343,227,227,0.6,96569,45.7,5.5,17:57:13,32.240918,-98.27048,389.0,10,0,0,0,0,298
5343,228,228,0.7,96570,45.8,5.5,17:57:14,32.240918,-98.27048,389.0,10,0,0,0,0,298
5343,229,229,0.9,96572,45.9,5.5,17:57:15,32.240918,-98.27048,389.0,10,0,0,0,0,298
5343,230,230,-1.0,96572,45.2,5.5,17:57:16,32.240918,-98.27048,389.0,10,-7,0,0,0,300
5343,231,231,0.4,96567,45.9,5.5,17:57:17,32.240918,-98.27048,389.0,10,0,0,0,0,298
5343,232,232,-1.0,96573,45.8,5.5,17:57:18,32.240918,-98.27048,389.0,10,-7,0,0,0,297
5343,233,233,-1.2,96575,45.9,5.5,17:57:19,32.240918,-98.27048,389.0,10,0,0,0,0,298
5343,234,234,-1.7,96580,45.4,5.5,17:57:20,32.240918,-98.27048,389.0,10,1,0,0,0,297
5343,235,235,0.8,96571,45.3,5.5,17:57:21,32.240918,-98.27048,389.0,10,-6,0,0,0,297
5343,236,236,-2.0,96583,45.9,5.5,17:57:22,32.240918,-98.27048,389.0,10,-6,0,0,0,295
5343,237,237,-1.8,96581,45.6,5.5,17:57:23,32.240918,-98.27048,389.0,10,-6,0,0,0,295
5343,238,238,-1.8,96581,45.9,5.5,17:57:24,32.240918,-98.27048,389.0,10,1,0,0,0,295
5343,239,239,-1.0,96573,45.4,5.5,17:57:25,32.240918,-98.27048,389.0,11,1,0,0,0,294
5343,240,240,-1.2,96575,45.4,5.5,17:57:26,32.240918,-98.27048,389.0,11,-6,0,0,0,297
5343,241,241,-1.4,96577,45.7,5.5,17:57:27,32.240918,-98.27048,389.0,11,-6,0,0,0,296
5343,242,242,0.9,96572,46.0,5.5,17:57:28,32.240918,-98.27048,389.0,11,-7,0,0,0,298
5343,243,243,-1.0,96572,46.0,5.5,17:57:29,32.240918,-98.27048,389.0,11,0,0,0,0,303
5343,244,244,-1.5,96578,45.3,5.5,17:57:30,32.240918,-98.27048,389.0,11,1,0,0,0,296
5343,245,245,-1.8,96581,46.1,5.5,17:57:31,32.240918,-98.27048,389.0,11,-7,0,0,0,296
5343,246,246,-2.1,96584,46.0,5.5,17:57:32,32.240918,-98.27048,389.0,11,0,0,0,0,297
5343,247,247,-3.0,96594,46.0,5.5,17:57:33,32.240918,-98.27048,389.0,11,-6,0,0,0,293
5343,248,248,-4.5,96609,45.5,5.5,17:57:34,32.240918,-98.27048,389.0,11,1,0,0,0,293
5343,249,249,0.6,96569,45.4,5.5,17:57:35,32.240918,-98.27048,389.0,11,2,0,0,0,292
5343,250,250,-2.9,96593,45.8,5.5,17:57:36,32.240918,-98.27048,389.0,11,1,0,0,0,293
5343,251,251,-3.8,96602,46.0,5.5,17:57:37,32.240918,-98.27048,389.0,11,3,1,0,0,290
5343,252,252,-4.2,96606,45.7,5.5,17:57:38,32.240918,-98.27048,389.0,11,3,1,0,0,290
5343,253,253,-3.4,96598,46.0,5.5,17:57:39,32.240918,-98.27048,389.0,11,4,1,0,0,289
5343,254,254,-2.2,96585,46.1,5.5,17:57:40,32.240918,-98.27048,389.0,11,1,0,0,0,291
5343,255,255,-1.4,96577,46.1,5.5,17:57:41,32.240918,-98.27048,389.0,11,1,1,0,0,292
5343,256,256,-2.0,96584,46.1,5.5,17:57:42,32.240918,-98.27048,389.0,11,1,0,0,0,296
5343,257,257,-1.6,96579,46.0,5.5,17:57:42,32.240918,-98.27048,389.0,11,1,0,0,0,293
5343,258,258,-1.7,96580,45.7,5.5,17:57:43,32.240918,-98.27048,389.0,11,1,0,0,0,293
5343,259,259,-2.2,96586,46.1,5.5,17:57:44,32.240918,-98.27048,389.0,11,1,0,0,0,293
5343,260,260,-1.5,96578,45.8,5.5,17:57:45,32.240918,-98.27048,389.0,11,-6,0,0,0,293
5343,261,261,-1.6,96579,46.1,5.5,17:57:46,32.240918,-98.27048,389.0,11,-6,0,0,0,293
5343,262,262,-1.9,96582,45.5,5.5,17:57:47,32.240918,-98.27048,389.0,11,-7,0,0,0,294
5343,263,263,-1.7,96580,45.6,5.5,17:57:48,32.240918,-98.27048,389.0,11,0,1,0,0,294
5343,264,264,-1.9,96582,45.9,5.5,17:57:49,32.240918,-98.27048,389.0,11,0,1,0,0,292
5343,265,265,-1.4,96577,45.8,5.5,17:57:50,32.240918,-98.27048,389.0,11,-7,0,0,0,292
5343,266,266,-2.9,96593,45.9,5.5,17:57:51,32.240918,-98.27048,389.0,11,-6,1,0,0,290
5343,267,267,-2.7,96590,45.8,5.5,17:57:52,32.240918,-98.27048,389.0,11,-7,1,0,0,291
5343,268,268,-2.5,96589,45.8,5.5,17:57:53,32.240918,-98.27048,389.0,11,1,1,0,0,291
5343,269,269,-1.9,96582,45.7,5.5,17:57:54,32.240918,-98.27048,389.0,11,1,1,0,0,291
5343,270,270,-2.2,96586,45.6,5.5,17:57:55,32.240918,-98.27048,389.0,11,-6,1,0,0,289
5343,271,271,-2.4,96587,45.6,5.5,17:57:56,32.240918,-98.27048,389.0,11,3,1,0,0,287
5343,272,272,-2.0,96583,46.2,5.5,17:57:57,32.240918,-98.27048,389.0,12,1,1,0,0,288
5343,273,273,-2.3,96586,46.2,5.5,17:57:58,32.240918,-98.27048,389.0,11,3,2,0,0,286
5343,274,274,-2.0,96583,46.3,5.5,17:57:59,32.240918,-98.27048,389.0,11,1,1,0,0,291
5343,275,275,-2.8,96591,45.6,5.5,17:58:00,32.240918,-98.27048,389.0,11,1,1,0,0,289
5343,276,276,-2.3,96587,46.2,5.5,17:58:01,32.240918,-98.27048,389.0,11,3,1,0,0,288
5343,277,277,-3.4,96598,45.6,5.5,17:58:02,32.240918,-98.27048,389.0,11,3,2,0,0,286
5343,278,278,-4.1,96605,46.2,5.5,17:58:03,32.240918,-98.27048,389.0,11,4,1,0,0,285
5343,279,279,-3.5,96599,45.9,5.5,17:58:04,32.240918,-98.27048,389.0,11,4,2,0,0,285
5343,280,280,-3.3,96597,45.7,5.5,17:58:05,32.240918,-98.27048,389.0,11,3,2,0,0,285
5343,281,281,-3.6,96600,45.7,5.5,17:58:06,32.240918,-98.27048,389.0,11,3,2,0,0,285
5343,282,282,-2.9,96593,46.3,5.5,17:58:07,32.240918,-98.27048,389.0,11,-6,1,0,0,287
5343,283,283,-3.2,96596,45.7,5.5,17:58:08,32.240918,-98.27048,389.0,11,4,2,0,0,284
5343,284,284,-4.1,96605,46.1,5.5,17:58:09,32.240918,-98.27048,389.0,11,3,2,0,0,285
5343,285,285,-2.2,96586,45.8,5.5,17:58:09,32.240918,-98.27048,389.0,11,2,1,0,0,285
5343,286,286,-2.5,96589,45.7,5.5,17:58:10,32.240918,-98.27048,389.0,11,1,1,0,0,291
5343,287,287,-1.7,96580,46.0,5.5,17:58:11,32.240918,-98.27048,389.0,11,-6,1,0,0,290
5343,288,288,-2.0,96584,45.8,5.5,17:58:12,32.240918,-98.27048,389.0,11,1,1,0,0,289
5343,289,289,-1.8,96582,46.0,5.5,17:58:13,32.240918,-98.27048,389.0,11,1,0,0,0,290
5343,290,290,-2.0,96583,46.0,5.5,17:58:14,32.240918,-98.27048,389.0,11,-7,0,0,0,295
5343,291,291,-2.9,96593,45.8,5.5,17:58:15,32.240918,-98.27048,389.0,11,-6,0,0,0,288
5343,292,292,-3.6,96600,46.4,5.5,17:58:16,32.240918,-98.27048,389.0,11,2,0,0,0,286
5343,293,293,-2.9,96592,46.4,5.5,17:58:17,32.240918,-98.27048,389.0,11,2,1,0,0,286
5343,294,294,-2.3,96586,45.7,5.5,17:58:18,32.240918,-98.27048,389.0,11,1,1,0,0,286
5343,295,295,-1.8,96581,45.8,5.5,17:58:19,32.240918,-98.27048,389.0,11,-7,0,0,0,290
5343,296,296,-1.8,96582,46.4,5.5,17:58:20,32.240918,-98.27048,389.0,11,-6,1,0,0,286
5343,297,297,-2.7,96591,46.3,5.5,17:58:21,32.240918,-98.27048,389.0,11,1,1,0,0,287
5343,298,298,-2.1,96584,45.9,5.5,17:58:22,32.240918,-98.27048,389.0,11,1,1,0,0,287
5343,299,299,-3.0,96594,46.3,5.5,17:58:23,32.240918,-98.27048,389.0,11,1,1,0,0,286
5343,300,300,-1.8,96581,46.4,5.5,17:58:24,32.240918,-98.27048,389.0,11,-6,1,0,0,286
5343,301,301,-2.8,96591,46.4,5.5,17:58:25,32.240918,-98.27048,389.0,11,-6,1,0,0,286
5343,302,302,-3.5,96599,45.8,5.5,17:58:26,32.240918,-98.27048,389.0,11,1,1,0,0,285
5343,303,303,-2.8,96592,45.9,5.5,17:58:27,32.240918,-98.27048,389.0,11,1,1,0,0,286
5343,304,304,-2.4,96588,45.9,5.5,17:58:28,32.240918,-98.27048,389.0,11,1,1,0,0,286
5343,305,305,-1.5,96578,46.0,5.5,17:58:29,32.240918,-98.27048,389.0,11,-6,1,0,0,287
5343,306,306,-1.8,96581,46.4,5.5,17:58:30,32.240918,-98.27048,389.0,11,-6,1,0,0,286
5343,307,307,-2.3,96586,46.0,5.5,17:58:31,32.240918,-98.27048,389.0,11,-6,1,0,0,285
5343,308,308,-2.9,96593,46.1,5.5,17:58:32,32.240918,-98.27048,389.0,11,1,1,0,0,285
5343,309,309,-3.3,96596,45.9,5.5,17:58:33,32.240918,-98.27048,389.0,11,1,1,0,0,285
5343,310,310,-2.9,96593,46.3,5.5,17:58:34,32.240918,-98.27048,389.0,11,1,1,0,0,284
5343,311,311,-2.5,96588,45.9,5.5,17:58:35,32.240918,-98.27048,389.0,11,-6,1,0,0,284
5343,312,312,-2.3,96586,45.8,5.5,17:58:36,32.240918,-98.27048,389.0,11,-6,1,0,0,285
5343,313,313,-1.8,96581,46.5,5.5,17:58:37,32.240918,-98.27048,389.0,11,1,1,0,0,285
5343,314,314,-1.9,96582,46.2,5.5,17:58:38,32.240918,-98.27048,389.0,11,1,0,0,0,287
5343,315,315,-1.9,96583,45.9,5.5,17:58:39,32.240918,-98.27048,389.0,11,-7,0,0,0,286
5343,316,316,-1.7,96580,46.5,5.5,17:58:40,32.240918,-98.27048,389.0,10,-7,0,0,0,287
5343,317,317,-1.9,96582,46.0,5.5,17:58:41,32.240918,-98.27048,389.0,10,0,0,0,0,288
5343,318,318,-2.3,96586,46.5,5.5,17:58:42,32.240918,-98.27048,389.0,10,0,0,0,0,287
5343,319,319,-2.2,96585,46.3,5.5,17:58:43,32.240918,-98.27048,389.0,10,0,0,0,0,286
5343,320,320,-2.1,96584,46.4,5.5,17:58:44,32.240918,-98.27048,389.0,10,-7,0,0,0,285
5343,321,321,-2.2,96585,45.9,5.5,17:58:45,32.240918,-98.27048,389.0,10,0,0,0,0,284
5343,322,322,-3.0,96594,46.5,5.5,17:58:46,32.240918,-98.27048,389.0,10,0,0,0,0,284
5343,323,323,-2.3,96586,46.5,5.5,17:58:47,32.240918,-98.27048,389.0,10,0,0,0,0,284
5343,324,324,-2.0,96584,46.4,5.5,17:58:48,32.240918,-98.27048,389.0,10,-7,0,0,0,286
5343,325,325,-1.6,96579,46.0,5.5,17:58:49,32.240918,-98.27048,389.0,10,-7,0,0,0,287
5343,326,326,-2.5,96588,46.6,5.5,17:58:50,32.240918,-98.27048,389.0,10,0,0,0,0,284
5343,327,327,-2.3,96586,46.1,5.5,17:58:50,32.240918,-98.27048,389.0,10,-7,0,0,0,284
5343,328,328,-2.2,96586,46.0,5.5,17:58:51,32.240918,-98.27048,389.0,10,0,0,0,0,285
5343,329,329,-2.8,96592,46.0,5.5,17:58:52,32.240918,-98.27048,389.0,10,-7,0,0,0,284
5343,330,330,-2.5,96589,46.1,5.5,17:58:53,32.240918,-98.27048,389.0,10,-7,0,0,0,284
5343,331,331,-2.7,96591,46.1,5.5,17:58:54,32.240918,-98.27048,389.0,10,0,0,0,0,283
5343,332,332,-1.7,96580,46.6,5.5,17:58:55,32.240918,-98.27048,389.0,10,0,0,0,0,284
5343,333,333,-1.7,96581,46.7,5.5,17:58:56,32.240918,-98.27048,389.0,10,0,0,0,0,285
5343,334,334,-1.5,96578,46.6,5.5,17:58:57,32.240918,-98.27048,389.0,10,-7,0,0,0,285
5343,335,335,-1.6,96579,46.6,5.5,17:58:58,32.240918,-98.27048,389.0,10,-7,0,0,0,285
5343,336,336,-2.4,96587,46.0,5.5,17:58:59,32.240918,-98.27048,389.0,10,-7,0,0,0,283
5343,337,337,-2.4,96588,46.5,5.5,17:59:00,32.240918,-98.27048,389.0,10,0,0,0,0,284
5343,338,338,-1.6,96579,46.6,5.5,17:59:01,32.240918,-98.27048,389.0,10,0,0,0,0,283
5343,339,339,-1.9,96582,46.7,5.5,17:59:02,32.240918,-98.27048,389.0,10,-7,0,0,0,284
5343,340,340,-2.3,96586,46.0,5.5,17:59:03,32.240918,-98.27048,389.0,10,-7,0,0,0,283
5343,341,341,-2.4,96588,46.1,5.5,17:59:04,32.240918,-98.27048,389.0,10,0,0,0,0,283
5343,342,342,-1.5,96578,46.5,5.5,17:59:05,32.240918,-98.27048,389.0,10,-7,0,0,0,284
5343,343,343,-2.2,96585,46.4,5.5,17:59:06,32.240918,-98.27048,389.0,10,0,0,0,0,283
5343,344,344,-2.1,96584,46.0,5.5,17:59:07,32.240918,-98.27048,389.0,10,0,0,0,0,281
5343,345,345,-2.3,96586,46.1,5.5,17:59:08,32.240918,-98.27048,389.0,10,-7,0,0,0,280
5343,346,346,-2.3,96587,46.3,5.5,17:59:09,32.240918,-98.27048,389.0,10,-7,0,0,0,282
5343,347,347,-2.7,96591,46.6,5.5,17:59:10,32.240918,-98.27048,389.0,10,-6,0,0,0,280
5343,348,348,-1.6,96579,46.1,5.5,17:59:11,32.240918,-98.27048,389.0,10,0,0,0,0,283
5343,349,349,-1.8,96581,46.6,5.5,17:59:12,32.240918,-98.27048,389.0,10,1,0,0,0,281
5343,350,350,-1.7,96580,46.1,5.5,17:59:13,32.240918,-98.27048,389.0,10,-6,0,0,0,281
5343,351,351,-2.4,96587,46.1,5.5,17:59:14,32.240918,-98.27048,389.0,10,-6,0,0,0,281
5343,352,352,-2.2,96585,46.4,5.5,17:59:15,32.240918,-98.27048,389.0,10,-6,0,0,0,282
5343,353,353,-2.6,96590,46.7,5.5,17:59:16,32.240918,-98.27048,389.0,10,1,0,0,0,280
5343,354,354,-3.2,96595,46.3,5.5,17:59:17,32.240918,-98.27048,389.0,10,2,1,0,0,279
5343,355,355,-2.6,96589,46.7,5.5,17:59:18,32.240918,-98.27048,389.0,10,-6,0,0,0,290
5343,356,356,-2.5,96589,46.7,5.5,17:59:19,32.240918,-98.27048,389.0,10,-6,1,0,0,284
5343,357,357,-2.4,96588,46.2,5.5,17:59:20,32.240918,-98.27048,389.0,10,-6,1,0,0,282
5343,358,358,-1.7,96581,46.8,5.5,17:59:21,32.240918,-98.27048,389.0,10,1,0,0,0,284
5343,359,359,-1.8,96581,46.7,5.5,17:59:22,32.240918,-98.27048,389.0,10,0,0,0,0,288
5343,360,360,-1.8,96581,46.8,5.5,17:59:23,32.240918,-98.27048,389.0,10,-7,0,0,0,290
5343,361,361,-1.3,96576,46.3,5.5,17:59:24,32.240918,-98.27048,389.0,10,0,-7,0,0,290
5343,362,362,-2.1,96584,46.6,5.5,17:59:25,32.240918,-98.27048,389.0,10,0,0,0,0,288
5343,363,363,-1.7,96580,46.1,5.5,17:59:26,32.240918,-98.27048,389.0,10,0,0,0,0,288
5343,364,364,-2.1,96585,46.3,5.5,17:59:27,32.240918,-98.27048,389.0,10,0,0,0,0,288
5343,365,365,-1.3,96576,46.6,5.5,17:59:28,32.240918,-98.27048,389.0,10,0,0,0,0,291
5343,366,366,-1.2,96575,46.7,5.5,17:59:29,32.240918,-98.27048,389.0,10,0,0,0,0,290
5343,367,367,-1.1,96574,46.2,5.5,17:59:30,32.240918,-98.27048,389.0,10,0,0,0,0,284
5343,368,368,-2.0,96583,46.2,5.5,17:59:30,32.240918,-98.27048,389.0,10,0,0,0,0,284
5343,369,369,-1.7,96580,46.9,5.5,17:59:31,32.240918,-98.27048,389.0,10,-7,0,0,0,280
5343,370,370,-3.0,96594,46.4,5.5,17:59:32,32.240918,-98.27048,389.0,10,-7,0,0,0,278
5343,371,371,-2.1,96584,46.9,5.5,17:59:33,32.240918,-98.27048,389.0,10,0,0,0,0,280
5343,372,372,-2.5,96588,46.9,5.5,17:59:34,32.240918,-98.27048,389.0,10,0,0,0,0,280
5343,373,373,-2.4,96587,46.9,5.5,17:59:35,32.240918,-98.27048,389.0,10,0,0,0,0,280
5343,374,374,-2.4,96588,46.6,5.5,17:59:36,32.240918,-98.27048,389.0,10,0,0,0,0,280
5343,375,375,-2.4,96588,46.5,5.5,17:59:37,32.240918,-98.27048,389.0,10,-7,0,0,0,281
5343,376,376,-1.7,96580,46.4,5.5,17:59:38,32.240918,-98.27048,389.0,10,-7,0,0,0,280
5343,377,377,-1.6,96579,46.1,5.5,17:59:39,32.240918,-98.27048,389.0,10,0,0,0,0,281
5343,378,378,-1.9,96583,46.7,5.5,17:59:40,32.240918,-98.27048,389.0,10,0,0,0,0,282
5343,379,379,-1.4,96577,46.8,5.5,17:59:41,32.240918,-98.27048,389.0,10,-7,0,0,0,286
5343,380,380,-1.5,96578,46.3,5.5,17:59:42,32.240918,-98.27048,389.0,10,-7,0,0,0,281
5343,381,381,-2.0,96583,46.4,5.5,17:59:43,32.240918,-98.27048,389.0,10,0,0,0,0,280
5343,382,382,-1.7,96580,46.8,5.5,17:59:44,32.240918,-98.27048,389.0,10,0,0,0,0,280
5343,383,383,-1.8,96581,46.7,5.5,17:59:45,32.240918,-98.27048,389.0,10,0,0,0,0,280
5343,384,384,-2.6,96589,46.9,5.5,17:59:46,32.240918,-98.27048,389.0,10,-7,0,0,0,279
5343,385,385,-2.8,96592,46.7,5.5,17:59:47,32.240918,-98.27048,389.0,10,-7,0,0,0,279
5343,386,386,-2.7,96590,46.8,5.5,17:59:48,32.240918,-98.27048,389.0,10,0,0,0,0,279
5343,387,387,-2.7,96590,46.4,5.5,17:59:49,32.240918,-98.27048,389.0,10,0,0,0,0,280
5343,388,388,-3.1,96595,46.8,5.5,17:59:50,32.240918,-98.27048,389.0,10,0,0,0,0,279
5343,389,389,-2.2,96585,46.9,5.5,17:59:51,32.240918,-98.27048,389.0,10,-7,0,0,0,280
5343,390,390,-3.0,96594,46.4,5.5,17:59:52,32.240918,-98.27048,389.0,10,0,0,0,0,284
5343,391,391,-2.1,96584,46.6,5.5,17:59:53,32.240918,-98.27048,389.0,10,-83,-7,0,0,288
5343,392,392,-3.1,96595,46.9,5.5,17:59:54,32.240918,-98.27048,389.0,10,-7,0,0,0,280
5343,393,393,-4.7,96612,46.4,5.5,17:59:55,32.240918,-98.27048,389.0,10,1,0,0,0,275
5343,394,394,-3.8,96602,46.5,5.5,17:59:56,32.240918,-98.27048,389.0,10,-6,0,0,0,274
5343,395,395,-2.9,96593,46.4,5.5,17:59:57,32.240918,-98.27048,389.0,10,0,0,0,0,280
5343,396,396,-4.2,96606,46.7,5.5,17:59:58,32.240918,-98.27048,389.0,10,0,0,0,0,276
5343,397,397,-4.2,96606,46.4,5.5,17:59:59,32.240918,-98.27048,389.0,10,-6,0,0,0,275
5343,398,398,-4.6,96611,47.0,5.5,18:00:00,32.240918,-98.27048,389.0,10,2,1,0,0,274
5343,399,399,-4.3,96608,46.8,5.5,18:00:01,32.240918,-98.27048,389.0,10,2,1,0,0,273
5343,400,400,-5.8,96623,46.9,5.5,18:00:02,32.240918,-98.27048,389.0,10,3,1,0,0,272
5343,401,401,-4.4,96608,47.0,5.5,18:00:03,32.240918,-98.27048,389.0,10,3,1,0,0,272
5343,402,402,-5.4,96619,46.7,5.5,18:00:04,32.240918,-98.27048,389.0,10,3,1,0,0,272
5343,403,403,-4.3,96608,46.5,5.5,18:00:05,32.240918,-98.27048,389.0,10,3,1,0,0,272
5343,404,404,-3.6,96600,46.5,5.5,18:00:06,32.240918,-98.27048,389.0,10,2,1,0,0,272
5343,405,405,-5.0,96615,46.9,5.5,18:00:07,32.240914,-98.27048,389.0,10,3,1,0,0,272
5343,406,406,-3.4,96598,46.3,5.5,18:00:08,32.240914,-98.27048,389.0,10,3,1,0,0,272
5343,407,407,-3.9,96603,46.4,5.5,18:00:09,32.240914,-98.27048,389.0,10,3,1,0,0,272
5343,408,408,-4.0,96604,46.4,5.5,18:00:10,32.240914,-98.27048,389.0,10,-6,0,0,0,276
5343,409,409,-4.5,96609,46.4,5.5,18:00:11,32.240914,-98.27048,389.0,10,4,1,0,0,270
5343,410,410,-3.4,96598,46.4,5.5,18:00:12,32.240914,-98.27048,389.0,10,3,1,0,0,272
5343,411,411,-3.0,96594,46.9,5.5,18:00:12,32.240914,-98.27048,389.0,10,1,0,0,0,277
5343,412,412,-3.3,96596,46.7,5.5,18:00:13,32.240914,-98.27048,389.0,10,-6,1,0,0,275
5343,413,413,-3.6,96600,47.0,5.5,18:00:14,32.240914,-98.27048,389.0,10,-6,1,0,0,273
5343,414,414,-3.5,96599,47.0,5.5,18:00:15,32.240914,-98.27048,389.0,10,2,1,0,0,273
5343,415,415,-3.4,96598,46.6,5.5,18:00:16,32.240914,-98.27048,389.0,10,3,1,0,0,271
5343,416,416,0.1,96591,46.6,5.5,18:00:17,32.240914,-98.27048,389.0,10,1,1,0,0,284
5343,417,417,-1.0,96604,47.1,5.4,18:00:18,32.240914,-98.27048,389.0,10,4,2,0,0,268
5343,418,418,-1.5,96609,46.5,5.5,18:00:19,32.240914,-98.27048,389.0,10,2,1,0,0,271
5343,419,419,0.2,96596,47.1,5.5,18:00:20,32.240914,-98.27048,389.0,10,1,1,0,0,271
5343,420,420,0.0,96593,46.8,5.5,18:00:21,32.240914,-98.27048,389.0,10,8,0,0,0,274
5343,421,421,0.8,96602,46.8,5.5,18:00:22,32.240914,-98.27048,389.0,10,8,0,0,0,272
5343,422,422,-1.0,96604,46.5,5.5,18:00:23,32.240914,-98.27048,389.0,10,0,0,0,0,271
5343,423,423,-1.3,96608,46.5,5.5,18:00:24,32.240914,-98.27048,389.0,10,9,0,0,0,270
5343,424,424,0.5,96598,46.9,5.5,18:00:25,32.240914,-98.27048,389.0,10,9,0,0,0,270
5343,425,425,0.1,96592,46.9,5.5,18:00:26,32.240914,-98.27048,389.0,10,8,0,0,0,273
5343,426,426,0.7,96585,47.0,5.5,18:00:27,32.240914,-98.27048,389.0,10,8,0,0,0,274
5343,427,427,0.1,96591,46.6,5.5,18:00:28,32.240914,-98.27048,389.0,10,0,0,0,0,271
5343,428,428,0.3,96597,47.1,5.5,18:00:29,32.240914,-98.27048,389.0,10,0,0,0,0,270
5343,429,429,0.1,96595,47.1,5.5,18:00:30,32.240914,-98.27048,389.0,10,11,1,0,0,267
5343,430,430,0.8,96584,46.6,5.5,18:00:31,32.240914,-98.27048,389.0,10,8,0,0,0,270
5343,431,431,1.9,96573,47.2,5.5,18:00:32,32.240914,-98.27048,389.0,10,0,0,0,0,272
5343,432,432,1.7,96575,46.5,5.5,18:00:33,32.240914,-98.27048,389.0,10,0,0,0,0,270
5343,433,433,1.1,96582,46.6,5.5,18:00:34,32.240914,-98.27048,389.0,10,0,0,0,0,270
5343,434,434,1.4,96578,46.6,5.5,18:00:35,32.240914,-98.27048,389.0,10,8,0,0,0,270
5343,435,435,0.7,96586,46.6,5.5,18:00:36,32.240914,-98.27048,389.0,10,8,0,0,0,271
5343,436,436,0.7,96585,46.6,5.5,18:00:37,32.240914,-98.27048,389.0,10,0,0,0,0,271
5343,437,437,1.4,96578,47.0,5.5,18:00:38,32.240914,-98.27048,389.0,10,0,0,0,0,272
5343,438,438,1.3,96579,46.6,5.5,18:00:39,32.240914,-98.27048,389.0,10,0,0,0,0,272
5343,439,439,0.5,96587,47.2,5.5,18:00:40,32.240914,-98.27048,389.0,10,0,0,0,0,272
5343,440,440,0.1,96592,46.7,5.5,18:00:41,32.240914,-98.27048,389.0,10,8,0,0,0,271
5343,441,441,1.1,96582,47.2,5.5,18:00:42,32.240914,-98.27048,389.0,10,0,0,0,0,270
5343,442,442,0.1,96591,47.1,5.5,18:00:43,32.240914,-98.27048,389.0,10,0,0,0,0,271
5343,443,443,0.7,96601,46.8,5.5,18:00:44,32.240914,-98.27048,389.0,10,10,0,0,0,267
5343,444,444,0.2,96596,46.6,5.5,18:00:45,32.240914,-98.27048,389.0,10,10,0,0,0,267
5343,445,445,0.0,96593,46.6,5.5,18:00:46,32.240914,-98.27048,389.0,10,10,0,0,0,267
5343,446,446,0.0,96593,47.3,5.5,18:00:47,32.240914,-98.27048,389.0,10,10,0,0,0,267
5343,447,447,0.8,96602,47.2,5.5,18:00:48,32.240914,-98.27048,389.0,10,10,0,0,0,267
5343,448,448,-1.5,96609,47.1,5.5,18:00:49,32.240914,-98.27048,389.0,10,0,0,0,0,269
5343,449,449,-1.1,96605,47.2,5.5,18:00:50,32.240914,-98.27048,389.0,10,10,0,0,0,267
5343,450,450,0.0,96592,46.7,5.5,18:00:51,32.240914,-98.27048,389.0,10,8,0,0,0,275
5343,451,451,-1.4,96608,46.9,5.5,18:00:52,32.240914,-98.27048,389.0,10,9,0,0,0,267
5343,452,452,-1.5,96609,47.2,5.5,18:00:53,32.240914,-98.27048,389.0,10,10,0,0,0,267
5343,453,453,-1.0,96604,47.2,5.5,18:00:54,32.240914,-98.27048,389.0,10,10,0,0,0,266
5343,454,454,0.4,96598,47.1,5.5,18:00:54,32.240914,-98.27048,389.0,10,8,0,0,0,272
5343,455,455,0.8,96601,46.8,5.5,18:00:55,32.240914,-98.27048,389.0,10,8,0,0,0,269
5343,456,456,0.8,96602,47.3,5.5,18:00:56,32.240914,-98.27048,389.0,10,9,0,0,0,267
5343,457,457,0.5,96599,46.7,5.5,18:00:57,32.240914,-98.27048,389.0,10,8,0,0,0,268
5343,458,458,0.6,96600,46.7,5.5,18:00:58,32.240914,-98.27048,389.0,10,8,0,0,0,268
5343,459,459,-1.0,96604,46.8,5.5,18:00:59,32.240914,-98.27048,389.0,10,8,0,0,0,267
5343,460,460,-1.3,96607,46.7,5.5,18:01:00,32.240914,-98.27048,389.0,10,8,0,0,0,267
5343,461,461,0.1,96595,46.7,5.5,18:01:01,32.240914,-98.27048,389.0,10,8,0,0,0,267
5343,462,462,-1.3,96607,47.2,5.5,18:01:02,32.240914,-98.27048,389.0,10,8,0,0,0,267
5343,463,463,0.7,96601,47.3,5.5,18:01:03,32.240914,-98.27048,389.0,10,8,0,0,0,268
5343,464,464,0.0,96592,46.9,5.5,18:01:04,32.240914,-98.27048,389.0,10,8,0,0,0,268
5343,465,465,0.3,96589,46.8,5.5,18:01:05,32.240914,-98.27048,389.0,10,0,0,0,0,268
5343,466,466,0.0,96593,47.1,5.5,18:01:06,32.240914,-98.27048,389.0,10,0,0,0,0,268
5343,467,467,-1.0,96604,47.3,5.5,18:01:07,32.240914,-98.27048,389.0,10,8,0,0,0,266
5343,468,468,-1.5,96609,46.7,5.5,18:01:08,32.240914,-98.27048,389.0,10,8,0,0,0,266
5343,469,469,0.0,96594,47.1,5.5,18:01:09,32.240918,-98.27048,389.0,10,8,0,0,0,267
5343,470,470,0.7,96601,47.3,5.4,18:01:10,32.240918,-98.27048,389.0,10,8,0,0,0,264
5343,471,471,-2.4,96618,46.8,5.5,18:01:11,32.240918,-98.27048,389.0,10,9,0,0,0,264
5343,472,472,0.8,96602,46.9,5.5,18:01:12,32.240918,-98.27048,389.0,10,10,1,0,0,264
5343,473,473,-2.1,96615,47.2,5.5,18:01:13,32.240918,-98.27048,389.0,10,11,0,0,0,263
5343,474,474,-3.3,96627,46.8,5.5,18:01:14,32.240918,-98.27048,389.0,10,11,1,0,0,261
5343,475,475,-1.7,96611,46.7,5.5,18:01:15,32.240914,-98.27048,389.0,10,11,1,0,0,262
5343,476,476,-1.9,96614,46.8,5.5,18:01:16,32.240914,-98.27048,389.0,10,11,1,0,0,262
5343,477,477,0.7,96601,47.4,5.4,18:01:17,32.240914,-98.27048,388.0,10,8,0,0,0,267
5343,478,478,0.5,96599,46.7,5.5,18:01:18,32.240914,-98.27048,388.0,10,8,0,0,0,266
5343,479,479,-1.2,96606,47.4,5.5,18:01:19,32.240914,-98.27048,388.0,10,9,1,0,0,263
5343,480,480,-1.2,96606,46.7,5.5,18:01:20,32.240914,-98.27048,388.0,10,9,1,0,0,264
5343,481,481,-2.6,96620,46.8,5.5,18:01:21,32.240914,-98.27048,388.0,10,9,1,0,0,263
5343,482,482,-2.6,96620,46.9,5.5,18:01:22,32.240914,-98.27048,388.0,10,10,1,0,0,263
5343,483,483,-4.8,96643,47.1,5.5,18:01:23,32.240914,-98.27048,388.0,10,11,1,0,0,261
5343,484,484,-1.9,96613,47.4,5.5,18:01:24,32.240914,-98.27048,388.0,10,11,1,0,0,261
5343,485,485,-1.3,96607,46.8,5.5,18:01:25,32.240914,-98.27048,388.0,10,10,1,0,0,262
5343,486,486,0.7,96601,47.0,5.5,18:01:26,32.240914,-98.27048,388.0,10,10,1,0,0,262
5343,487,487,0.3,96597,47.0,5.5,18:01:27,32.240914,-98.27048,388.0,10,8,0,0,0,268
5343,488,488,-1.7,96611,47.2,5.5,18:01:28,32.240914,-98.27048,388.0,10,9,0,0,0,263
5343,489,489,-2.8,96623,47.5,5.5,18:01:29,32.240914,-98.27048,388.0,10,10,1,0,0,264
5343,490,490,-1.9,96613,47.2,5.5,18:01:30,32.240914,-98.27048,388.0,10,11,1,0,0,262
5343,491,491,0.8,96602,47.3,5.5,18:01:31,32.240914,-98.27048,388.0,10,10,1,0,0,262
5343,492,492,-1.3,96607,47.1,5.5,18:01:32,32.240914,-98.27048,388.0,10,9,0,0,0,259
5343,493,493,-1.8,96613,47.0,5.5,18:01:33,32.240914,-98.27048,388.0,10,11,1,0,0,260
5343,494,494,0.0,96593,47.2,5.5,18:01:34,32.240914,-98.27048,388.0,10,9,1,0,0,262
5343,495,495,0.3,96597,47.0,5.5,18:01:35,32.240914,-98.27048,388.0,10,9,1,0,0,264
5343,496,496,0.7,96601,46.9,5.5,18:01:36,32.240914,-98.27048,388.0,10,9,0,0,0,263
5343,497,497,0.5,96598,47.5,5.5,18:01:36,32.240914,-98.27048,388.0,10,8,0,0,0,263
5343,498,498,0.3,96590,47.5,5.5,18:01:37,32.240914,-98.27048,388.0,10,8,0,0,0,268
5343,499,499,-1.2,96606,47.4,5.5,18:01:39,32.240914,-98.27048,388.0,10,0,0,0,0,263
5343,500,500,0.7,96585,46.9,5.5,18:01:39,32.240914,-98.27048,388.0,10,8,0,0,0,262
5343,501,501,0.1,96592,47.6,5.5,18:01:40,32.240914,-98.27048,388.0,10,0,0,0,0,262
5343,502,502,0.6,96600,47.5,5.5,18:01:41,32.240914,-98.27048,388.0,10,8,0,0,0,262
5343,503,503,0.7,96601,47.2,5.5,18:01:42,32.240914,-98.27048,388.0,10,8,0,0,0,264
5343,504,504,0.0,96593,47.1,5.5,18:01:43,32.240914,-98.27048,388.0,10,0,0,0,0,263
5343,505,505,0.3,96597,47.6,5.5,18:01:44,32.240914,-98.27048,388.0,10,0,0,0,0,263
5343,506,506,0.2,96595,47.6,5.5,18:01:45,32.240914,-98.27048,388.0,10,0,0,0,0,264
5343,507,507,0.2,96596,47.6,5.5,18:01:46,32.240914,-98.27048,388.0,10,0,0,0,0,263
5343,508,508,0.0,96593,47.1,5.4,18:01:47,32.240914,-98.27048,388.0,10,8,0,0,0,265
5343,509,509,0.0,96594,47.1,5.5,18:01:48,32.240914,-98.27048,388.0,10,0,0,0,0,267
5343,510,510,0.5,96599,47.5,5.5,18:01:49,32.240914,-98.27048,388.0,10,0,0,0,0,270
5343,511,511,0.1,96592,47.3,5.5,18:01:50,32.240914,-98.27048,388.0,10,0,0,0,0,266
5343,512,512,0.6,96587,47.0,5.5,18:01:51,32.240914,-98.27048,388.0,10,0,0,0,0,263
5343,513,513,0.0,96594,47.3,5.5,18:01:52,32.240914,-98.27048,388.0,10,7,0,0,0,264
5343,514,514,0.0,96593,47.0,5.5,18:01:53,32.240914,-98.27048,388.0,10,0,0,0,0,263
5343,515,515,0.7,96601,46.9,5.5,18:01:54,32.240914,-98.27048,388.0,10,0,0,0,0,262
5343,516,516,0.1,96595,46.9,5.5,18:01:55,32.240914,-98.27048,388.0,10,0,0,0,0,263
5343,517,517,0.4,96589,47.4,5.5,18:01:56,32.240914,-98.27048,388.0,10,8,0,0,0,262
5343,518,518,0.3,96597,47.0,5.5,18:01:57,32.240914,-98.27048,388.0,10,8,0,0,0,261
5343,519,519,-1.2,96606,47.1,5.5,18:01:58,32.240914,-98.27048,388.0,10,0,0,0,0,260
5343,520,520,0.8,96602,47.5,5.5,18:01:59,32.240914,-98.27048,388.0,10,0,0,0,0,261
5343,521,521,0.1,96594,47.1,5.5,18:02:00,32.240914,-98.27048,388.0,10,0,0,0,0,262
5343,522,522,-2.0,96614,47.6,5.5,18:02:01,32.240914,-98.27048,388.0,10,8,0,0,0,259
5343,523,523,0.9,96603,47.6,5.5,18:02:02,32.240914,-98.27048,388.0,10,9,0,0,0,259
5343,524,524,-1.3,96607,47.0,5.5,18:02:03,32.240914,-98.27048,388.0,10,0,0,0,0,269
5343,525,525,-1.6,96610,47.3,5.5,18:02:04,32.240914,-98.27048,388.0,10,10,0,0,0,256
5343,526,526,-1.2,96606,47.5,5.5,18:02:05,32.240914,-98.27048,388.0,10,0,0,0,0,269
5343,527,527,-1.0,96604,47.6,5.5,18:02:06,32.240914,-98.27048,388.0,10,9,0,0,0,258
5343,528,528,0.8,96602,47.1,5.4,18:02:07,32.240914,-98.27048,388.0,10,8,0,0,0,258
5343,529,529,-1.2,96606,47.7,5.5,18:02:08,32.240914,-98.27048,388.0,10,0,0,0,0,259
5343,530,530,0.5,96599,47.7,5.5,18:02:09,32.240914,-98.27048,388.0,10,8,0,0,0,259
5343,531,531,0.6,96600,47.3,5.5,18:02:10,32.240914,-98.27048,388.0,10,8,0,0,0,259
5343,532,532,0.9,96603,47.7,5.5,18:02:11,32.240914,-98.27048,388.0,10,0,0,0,0,259
5343,533,533,-1.8,96612,47.7,5.5,18:02:12,32.240914,-98.27048,388.0,10,8,0,0,0,257
5343,534,534,-1.1,96605,47.1,5.5,18:02:13,32.240914,-98.27048,388.0,10,9,0,0,0,255
5343,535,535,-1.5,96609,47.0,5.5,18:02:14,32.240914,-98.27048,388.0,10,9,0,0,0,255
5343,536,536,-1.3,96607,47.3,5.5,18:02:15,32.240914,-98.27048,388.0,10,9,0,0,0,255
5343,537,537,0.9,96603,47.1,5.5,18:02:16,32.240914,-98.27048,388.0,10,8,0,0,0,265
5343,538,538,0.3,96597,47.8,5.5,18:02:17,32.240914,-98.27048,388.0,10,8,0,0,0,263
5343,539,539,0.5,96599,47.2,5.4,18:02:18,32.240914,-98.27048,388.0,10,0,0,0,0,259
5343,540,540,0.3,96597,47.7,5.5,18:02:18,32.240914,-98.27048,388.0,10,8,0,0,0,259
5343,541,541,0.9,96603,47.0,5.5,18:02:19,32.240914,-98.27048,388.0,10,8,0,0,0,258
5343,542,542,0.7,96601,47.5,5.5,18:02:20,32.240914,-98.27048,388.0,10,8,0,0,0,259
5343,543,543,0.8,96602,47.2,5.5,18:02:21,32.240914,-98.27048,388.0,10,8,0,0,0,259
5343,544,544,0.5,96599,47.7,5.5,18:02:22,32.240914,-98.27048,388.0,10,7,0,0,0,259
5343,545,545,0.9,96603,47.5,5.4,18:02:23,32.240914,-98.27048,388.0,10,0,0,0,0,259
5343,546,546,-1.0,96604,47.7,5.5,18:02:24,32.240914,-98.27048,388.0,10,0,0,0,0,258
5343,547,547,0.9,96602,47.7,5.5,18:02:25,32.240914,-98.27048,388.0,10,0,0,0,0,259
5343,548,548,0.6,96599,47.6,5.5,18:02:26,32.240914,-98.27048,388.0,10,0,0,0,0,259
5343,549,549,0.7,96601,47.3,5.5,18:02:27,32.240914,-98.27048,388.0,10,7,0,0,0,258
5343,550,550,0.5,96599,47.5,5.5,18:02:28,32.240914,-98.27048,388.0,10,0,0,0,0,258
5343,551,551,0.6,96600,47.4,5.5,18:02:29,32.240914,-98.27048,388.0,10,7,0,0,0,258
5343,552,552,-1.2,96606,47.3,5.5,18:02:30,32.240914,-98.27048,388.0,10,7,0,0,0,256
5343,553,553,0.8,96601,47.3,5.5,18:02:31,32.240914,-98.27048,388.0,10,-84,0,0,0,256
5343,554,554,0.6,96600,47.8,5.4,18:02:32,32.240914,-98.27048,388.0,10,7,0,0,0,257
5343,555,555,-1.9,96613,47.8,5.5,18:02:33,32.240914,-98.27048,388.0,10,7,0,0,0,255
5343,556,556,-2.0,96614,47.8,5.5,18:02:34,32.240914,-98.27048,388.0,10,0,0,0,0,255
5343,557,557,-1.4,96608,47.7,5.5,18:02:35,32.240914,-98.27048,388.0,10,0,0,0,0,255
5343,558,558,-1.7,96612,47.3,5.5,18:02:36,32.240914,-98.27048,388.0,10,8,0,0,0,255
5343,559,559,0.7,96600,47.8,5.4,18:02:37,32.240914,-98.27048,388.0,10,8,0,0,0,257
5343,560,560,-1.5,96609,47.2,5.5,18:02:38,32.240914,-98.27048,388.0,10,0,0,0,0,255
5343,561,561,-1.8,96612,47.6,5.5,18:02:39,32.240914,-98.27048,388.0,10,0,0,0,0,254
5343,562,562,-1.1,96605,47.3,5.5,18:02:40,32.240914,-98.27048,388.0,10,8,0,0,0,255
5343,563,563,0.9,96603,47.6,5.4,18:02:41,32.240914,-98.27048,388.0,10,8,0,0,0,254
5343,564,564,0.6,96599,47.3,5.5,18:02:42,32.240914,-98.27048,388.0,10,7,0,0,0,256
5343,565,565,0.8,96602,47.8,5.5,18:02:43,32.240914,-98.27048,388.0,10,7,0,0,0,256
5343,566,566,-1.0,96604,47.3,5.5,18:02:44,32.240914,-98.27048,388.0,10,0,0,0,0,255
5343,567,567,-1.6,96610,47.8,5.5,18:02:45,32.240914,-98.27048,388.0,10,0,0,0,0,254
5343,568,568,0.9,96603,47.3,5.5,18:02:46,32.240914,-98.27048,388.0,10,0,0,0,0,255
5343,569,569,0.6,96600,47.7,5.5,18:02:47,32.240914,-98.27048,388.0,10,7,0,0,0,258
5343,570,570,0.7,96601,47.7,5.5,18:02:48,32.240914,-98.27048,388.0,10,7,0,0,0,261
5343,571,571,-1.1,96605,47.5,5.4,18:02:49,32.240914,-98.27048,388.0,10,7,0,0,0,256
5343,572,572,-1.6,96610,47.5,5.5,18:02:50,32.240914,-98.27048,388.0,10,0,0,0,0,255
5343,573,573,-1.8,96612,47.2,5.5,18:02:51,32.240914,-98.27048,388.0,10,7,0,0,0,254
5343,574,574,-1.7,96611,47.3,5.5,18:02:52,32.240914,-98.27048,388.0,10,7,0,0,0,254
5343,575,575,-1.8,96613,47.7,5.4,18:02:53,32.240914,-98.27048,388.0,10,8,0,0,0,254
5343,576,576,-2.1,96615,47.8,5.4,18:02:54,32.240914,-98.27048,388.0,10,8,0,0,0,253
5343,577,577,0.8,96602,47.2,5.5,18:02:55,32.240914,-98.27048,388.0,10,0,0,0,0,253
5343,578,578,0.7,96601,47.3,5.5,18:02:56,32.240914,-98.27048,388.0,9,8,0,0,0,255
5343,579,579,-1.7,96611,47.8,5.5,18:02:57,32.240914,-98.27048,388.0,9,8,0,0,0,253
5343,580,580,-1.8,96612,47.3,5.5,18:02:58,32.240914,-98.27048,388.0,9,8,0,0,0,252
5343,581,581,-1.6,96610,47.4,5.5,18:02:59,32.240914,-98.27048,388.0,9,8,0,0,0,251
5343,582,582,-1.9,96613,47.5,5.5,18:03:00,32.240914,-98.27048,388.0,9,0,0,0,0,253
5343,583,583,-2.4,96618,47.3,5.5,18:03:00,32.240914,-98.27048,388.0,9,8,0,0,0,251
5343,584,584,-1.7,96611,47.2,5.5,18:03:01,32.240914,-98.27048,388.0,9,10,0,0,0,250
5343,585,585,-2.1,96616,47.5,5.4,18:03:02,32.240914,-98.27048,388.0,9,9,0,0,0,250
5343,586,586,-1.5,96609,47.3,5.5,18:03:03,32.240914,-98.27048,388.0,10,8,0,0,0,250
5343,587,587,-1.8,96612,47.7,5.4,18:03:04,32.240914,-98.27048,388.0,9,8,0,0,0,251
5343,588,588,-1.3,96607,47.9,5.5,18:03:05,32.240914,-98.27048,388.0,9,0,0,0,0,251
5343,589,589,-1.5,96609,47.4,5.5,18:03:06,32.240914,-98.27048,388.0,9,8,0,0,0,252
5343,590,590,-1.4,96608,47.8,5.5,18:03:07,32.240914,-98.27048,388.0,10,8,0,0,0,251
5343,591,591,-1.1,96605,47.4,5.5,18:03:08,32.240914,-98.27048,388.0,10,8,0,0,0,252
5343,592,592,-1.3,96607,47.9,5.5,18:03:09,32.240914,-98.27048,388.0,10,7,0,0,0,252
5343,593,593,-1.2,96606,48.0,5.5,18:03:10,32.240914,-98.27048,388.0,10,0,0,0,0,252
5343,594,594,0.9,96603,47.3,5.5,18:03:11,32.240914,-98.27048,388.0,10,7,0,0,0,252
5343,595,595,-1.6,96610,47.8,5.5,18:03:12,32.240914,-98.27048,388.0,10,8,0,0,0,252
5343,596,596,-1.0,96604,47.6,5.5,18:03:13,32.240914,-98.27048,388.0,10,0,0,0,0,251
5343,597,597,-2.5,96619,47.9,5.5,18:03:14,32.240914,-98.27048,388.0,10,9,0,0,0,249
5343,598,598,-1.0,96604,47.4,5.5,18:03:15,32.240914,-98.27048,388.0,10,0,0,0,0,249
5343,599,599,-2.3,96617,47.9,5.4,18:03:16,32.240914,-98.27048,388.0,10,8,0,0,0,249
5343,600,600,-2.4,96619,48.0,5.5,18:03:17,32.240914,-98.27048,388.0,10,9,0,0,0,247
5343,601,601,-1.9,96613,47.7,5.5,18:03:18,32.240914,-98.27048,388.0,10,10,0,0,0,246
5343,602,602,-2.3,96617,47.4,5.5,18:03:19,32.240914,-98.27048,388.0,10,10,0,0,0,246
5343,603,603,-2.0,96614,47.4,5.5,18:03:20,32.240914,-98.27048,388.0,10,10,0,0,0,246
5343,604,604,-3.0,96625,48.0,5.5,18:03:21,32.240914,-98.27048,388.0,10,10,0,0,0,246
5343,605,605,-2.5,96619,47.4,5.5,18:03:22,32.240914,-98.27048,388.0,10,10,0,0,0,246
5343,606,606,-1.4,96608,47.5,5.5,18:03:23,32.240914,-98.27048,388.0,10,9,0,0,0,246
5343,607,607,-1.5,96609,47.4,5.5,18:03:24,32.240914,-98.27048,388.0,10,8,0,0,0,249
5343,608,608,-1.1,96605,48.0,5.5,18:03:25,32.240914,-98.27048,388.0,10,0,0,0,0,249
5343,609,609,-1.9,96613,47.6,5.5,18:03:26,32.240914,-98.27048,388.0,10,8,0,0,0,249
5343,610,610,-1.5,96609,48.0,5.5,18:03:27,32.240914,-98.27048,388.0,10,8,0,0,0,248
5343,611,611,-1.6,96610,47.5,5.5,18:03:28,32.240914,-98.27048,388.0,10,0,0,0,0,248
5343,612,612,-1.8,96613,48.1,5.5,18:03:29,32.240914,-98.27048,388.0,10,0,0,0,0,248
5343,613,613,-1.2,96606,47.9,5.5,18:03:30,32.240914,-98.27048,388.0,10,0,0,0,0,247
5343,614,614,-1.1,96605,48.1,5.5,18:03:31,32.240914,-98.27048,388.0,10,0,0,0,0,248
5343,615,615,0.5,96598,47.6,5.5,18:03:32,32.240914,-98.27048,388.0,10,8,0,0,0,249
5343,616,616,0.5,96599,48.0,5.5,18:03:33,32.240914,-98.27048,388.0,10,0,0,0,0,255
5343,617,617,-1.4,96608,47.4,5.5,18:03:34,32.240914,-98.27048,388.0,10,0,0,0,0,252
5343,1,1,0.5,96605,48.1,5.5,18:03:38,32.240914,-98.27048,388.0,9,0,0,0,0,249
5343,2,2,-1.5,96615,47.5,5.5,18:03:39,32.240914,-98.27048,388.0,9,0,0,0,0,247
5343,3,3,0.6,96605,47.5,5.5,18:03:40,32.240914,-98.27048,388.0,9,0,0,0,0,248
5343,4,4,-1.4,96613,47.5,5.5,18:03:41,32.240914,-98.27048,388.0,9,8,0,0,0,246
5343,5,5,-1.0,96610,47.5,5.5,18:03:42,32.240914,-98.27048,388.0,9,7,0,0,0,248
5343,6,6,-2.1,96621,48.1,5.5,18:03:43,32.240914,-98.27048,388.0,9,0,0,0,0,247
5343,7,7,-1.9,96619,48.1,5.4,18:03:44,32.240914,-98.27048,388.0,9,0,0,0,0,245
5343,8,8,-1.7,96617,47.6,5.5,18:03:45,32.240914,-98.27048,388.0,9,0,0,0,0,246
5343,9,9,-2.0,96619,47.8,5.5,18:03:46,32.240914,-98.27048,388.0,9,0,0,0,0,246
5343,10,10,-2.1,96621,47.6,5.5,18:03:47,32.240914,-98.27048,388.0,9,8,0,0,0,245
5343,11,11,-2.2,96622,47.8,5.5,18:03:48,32.240914,-98.27048,388.0,9,0,0,0,0,244
5343,12,12,-2.2,96622,48.1,5.5,18:03:49,32.240914,-98.27048,388.0,10,0,0,0,0,244
5343,13,13,-1.9,96619,48.1,5.4,18:03:50,32.240914,-98.27048,388.0,10,8,0,0,0,244
5343,14,14,-3.1,96631,47.4,5.5,18:03:51,32.240914,-98.27048,388.0,10,9,0,0,0,242
5343,15,15,-2.9,96629,47.5,5.5,18:03:52,32.240914,-98.27048,388.0,10,9,0,0,0,242
5343,16,16,-3.1,96631,48.1,5.5,18:03:53,32.240914,-98.27048,388.0,10,9,0,0,0,242
5343,17,17,-2.8,96628,48.1,5.5,18:03:54,32.240914,-98.27048,388.0,10,10,0,0,0,241
5343,18,18,-4.4,96645,48.1,5.4,18:03:55,32.240914,-98.27048,388.0,10,10,0,0,0,240
5343,19,19,-4.0,96641,47.5,5.5,18:03:56,32.240914,-98.27048,388.0,10,10,1,0,0,240
5343,20,20,-2.8,96628,48.1,5.4,18:03:57,32.240914,-98.27048,388.0,10,10,1,0,0,240
5343,21,21,-1.6,96616,47.7,5.5,18:03:58,32.240914,-98.27048,388.0,10,9,0,0,0,242
5343,22,22,-1.2,96612,48.0,5.5,18:03:59,32.240914,-98.27048,388.0,10,10,1,0,0,241
5343,23,23,-3.2,96632,48.1,5.5,18:04:00,32.240914,-98.27048,388.0,10,8,0,0,0,242
5343,24,24,-3.1,96631,48.0,5.5,18:04:01,32.240914,-98.27048,388.0,10,10,1,0,0,240
5343,25,25,-1.7,96617,48.2,5.4,18:04:02,32.240914,-98.27048,388.0,10,10,1,0,0,240
5343,26,26,-1.9,96619,47.6,5.5,18:04:03,32.240914,-98.27048,388.0,10,9,0,0,0,240
5343,27,27,-1.9,96618,48.1,5.4,18:04:04,32.240914,-98.27048,388.0,10,10,0,0,0,240
5343,28,28,-3.5,96635,48.2,5.5,18:04:05,32.240914,-98.27048,388.0,10,10,0,0,0,239
5343,29,29,-2.3,96623,48.1,5.5,18:04:06,32.240914,-98.27048,388.0,10,10,0,0,0,239
5343,30,30,-1.8,96618,48.1,5.4,18:04:07,32.240914,-98.27048,388.0,10,10,0,0,0,240
5343,31,31,0.9,96608,48.1,5.4,18:04:08,32.240914,-98.27048,388.0,10,9,0,0,0,240
5343,32,32,-1.3,96613,47.6,5.5,18:04:09,32.240914,-98.27048,388.0,10,0,0,0,0,249
5343,33,33,-1.4,96614,48.2,5.5,18:04:10,32.240914,-98.27048,388.0,10,8,0,0,0,244
5343,34,34,0.8,96608,48.1,5.5,18:04:11,32.240914,-98.27048,388.0,10,8,0,0,0,242
5343,35,35,0.9,96608,47.6,5.5,18:04:12,32.240914,-98.27048,388.0,10,8,0,0,0,242
5343,36,36,-1.8,96618,48.2,5.4,18:04:13,32.240914,-98.27048,388.0,10,0,0,0,0,241
5343,37,37,-1.3,96613,48.2,5.5,18:04:13,32.240914,-98.27048,388.0,10,0,0,0,0,241
5343,38,38,-1.0,96610,47.6,5.5,18:04:15,32.240914,-98.27048,388.0,10,8,0,0,0,242
5343,39,39,0.8,96608,48.2,5.4,18:04:15,32.240914,-98.27048,388.0,10,0,0,0,0,244
5343,40,40,0.9,96608,47.7,5.5,18:04:16,32.240914,-98.27048,388.0,10,0,0,0,0,243
5343,41,41,0.8,96608,48.2,5.5,18:04:17,32.240914,-98.27048,388.0,10,0,0,0,0,243
5343,42,42,0.9,96608,47.8,5.5,18:04:18,32.240914,-98.27048,388.0,10,0,0,0,0,243
5343,43,43,-1.2,96612,47.6,5.5,18:04:19,32.240914,-98.27048,388.0,10,8,0,0,0,243
5343,44,44,-1.4,96614,48.1,5.5,18:04:20,32.240914,-98.27048,388.0,10,8,0,0,0,242
5343,45,45,-1.8,96618,47.8,5.5,18:04:21,32.240914,-98.27048,388.0,10,0,0,0,0,241
5343,46,46,-1.7,96617,48.2,5.5,18:04:22,32.240914,-98.27048,388.0,10,0,0,0,0,241
5343,47,47,-2.6,96626,48.3,5.5,18:04:23,32.240914,-98.27048,388.0,10,9,0,0,0,239
5343,48,48,-1.3,96613,47.6,5.5,18:04:24,32.240914,-98.27048,388.0,10,7,0,0,0,245
5343,49,49,-3.5,96635,48.1,5.5,18:04:25,32.240914,-98.27048,388.0,10,10,0,0,0,237
5343,50,50,-2.2,96622,48.0,5.5,18:04:26,32.240914,-98.27048,388.0,10,9,0,0,0,237
5343,51,51,-2.5,96625,48.2,5.5,18:04:27,32.240914,-98.27048,388.0,10,9,0,0,0,238
5343,52,52,-2.3,96623,48.1,5.5,18:04:28,32.240914,-98.27048,388.0,10,9,0,0,0,238
5343,53,53,-1.6,96615,48.2,5.4,18:04:29,32.240914,-98.27048,388.0,10,8,0,0,0,244
5343,54,54,-2.8,96628,48.2,5.4,18:04:30,32.240914,-98.27048,388.0,10,9,0,0,0,237
5343,55,55,-2.7,96628,48.0,5.5,18:04:31,32.240914,-98.27048,388.0,10,9,0,0,0,237
5343,56,56,-1.8,96618,47.9,5.5,18:04:32,32.240914,-98.27048,388.0,10,9,0,0,0,237
5343,57,57,-1.8,96618,48.0,5.5,18:04:33,32.240914,-98.27048,388.0,10,8,0,0,0,240
5343,58,58,-1.5,96614,47.7,5.5,18:04:34,32.240914,-98.27048,388.0,10,8,0,0,0,241
5343,59,59,-1.3,96613,48.2,5.5,18:04:35,32.240914,-98.27048,388.0,10,0,0,0,0,247
5343,60,60,-1.7,96617,48.3,5.5,18:04:36,32.240914,-98.27048,388.0,10,0,0,0,0,240
5343,61,61,-1.9,96619,47.7,5.5,18:04:37,32.240914,-98.27048,388.0,10,0,0,0,0,240
5343,62,62,-2.5,96625,47.9,5.5,18:04:38,32.240914,-98.27048,388.0,10,8,0,0,0,238
5343,63,63,-2.9,96629,48.3,5.5,18:04:39,32.240914,-98.27048,388.0,10,9,0,0,0,237
5343,64,64,-1.8,96618,48.3,5.5,18:04:40,32.240914,-98.27048,388.0,10,10,0,0,0,236
5343,65,65,-2.9,96629,47.6,5.5,18:04:41,32.240914,-98.27048,388.0,10,0,0,0,0,238
5343,66,66,-2.2,96622,48.1,5.5,18:04:42,32.240914,-98.27048,388.0,9,9,0,0,0,237
5343,67,67,-2.6,96627,48.0,5.5,18:04:43,32.240914,-98.27048,388.0,9,9,0,0,0,236
5343,68,68,-3.3,96633,48.4,5.5,18:04:44,32.240914,-98.27048,388.0,9,10,1,0,0,235
5343,69,69,-2.9,96629,48.2,5.4,18:04:45,32.240914,-98.27048,388.0,10,10,0,0,0,235
5343,70,70,-2.6,96626,47.9,5.5,18:04:46,32.240914,-98.27048,388.0,10,10,1,0,0,234
5343,71,71,-3.0,96630,47.9,5.5,18:04:47,32.240914,-98.27048,388.0,10,10,1,0,0,234
5343,72,72,-4.3,96643,48.2,5.4,18:04:48,32.240914,-98.27048,388.0,10,10,1,0,0,233
5343,73,73,-3.2,96632,48.2,5.4,18:04:49,32.240914,-98.27048,388.0,10,10,1,0,0,234
5343,74,74,-1.7,96617,48.3,5.4,18:04:50,32.240914,-98.27048,388.0,10,9,1,0,0,235
5343,75,75,-1.6,96616,47.9,5.5,18:04:51,32.240914,-98.27048,388.0,9,9,1,0,0,235
5343,76,76,-2.2,96622,47.9,5.5,18:04:52,32.240914,-98.27048,388.0,9,8,0,0,0,237
5343,77,77,-3.3,96633,48.0,5.5,18:04:53,32.240914,-98.27048,388.0,10,8,0,0,0,236
5343,78,78,-3.2,96632,48.5,5.5,18:04:54,32.240914,-98.27048,388.0,10,9,0,0,0,235
5343,79,79,-1.7,96617,48.4,5.4,18:04:55,32.240914,-98.27048,388.0,10,9,0,0,0,236
5343,80,80,-2.6,96627,48.2,5.5,18:04:56,32.240914,-98.27048,388.0,9,11,1,0,0,232
5343,81,81,-2.3,96623,48.4,5.5,18:04:57,32.240914,-98.27048,388.0,10,12,1,0,0,230
5343,82,82,-3.0,96631,48.0,5.5,18:04:58,32.240914,-98.27048,388.0,10,11,1,0,0,231
5343,83,83,-3.4,96634,48.1,5.5,18:04:58,32.240914,-98.27048,388.0,10,11,1,0,0,231
5343,84,84,-4.1,96642,48.3,5.5,18:04:59,32.240914,-98.27048,388.0,10,12,1,0,0,230
5343,85,85,-4.8,96648,47.8,5.5,18:05:00,32.240914,-98.27048,388.0,10,12,1,0,0,230
5343,86,86,-4.4,96645,48.3,5.4,18:05:01,32.240914,-98.27048,388.0,10,12,1,0,0,230
5343,87,87,-4.2,96642,47.9,5.5,18:05:02,32.240914,-98.27048,388.0,10,12,1,0,0,230
5343,88,88,-3.7,96637,48.0,5.5,18:05:03,32.240914,-98.27048,388.0,10,12,1,0,0,230
5343,89,89,-4.1,96641,47.8,5.5,18:05:04,32.240914,-98.27048,388.0,10,12,1,0,0,230
5343,90,90,-4.9,96649,48.4,5.4,18:05:05,32.240914,-98.27048,388.0,10,12,1,0,0,230
5343,91,91,-4.4,96645,48.4,5.5,18:05:06,32.240914,-98.27048,388.0,10,12,1,0,0,230
5343,92,92,-2.9,96629,47.8,5.5,18:05:07,32.240914,-98.27048,388.0,10,11,2,0,0,231
5343,93,93,-2.9,96630,48.5,5.4,18:05:08,32.240914,-98.27048,388.0,10,10,1,0,0,231
5343,94,94,-3.6,96636,48.1,5.4,18:05:09,32.240914,-98.27048,388.0,10,11,1,0,0,230
5343,95,95,-1.7,96617,48.4,5.5,18:05:10,32.240914,-98.27048,388.0,10,10,1,0,0,231
5343,96,96,-2.5,96625,48.0,5.5,18:05:11,32.240914,-98.27048,388.0,10,9,1,0,0,231
5343,97,97,-2.4,96624,47.9,5.5,18:05:12,32.240914,-98.27048,388.0,9,11,1,0,0,231
5343,98,98,-4.6,96647,48.4,5.4,18:05:13,32.240914,-98.27048,388.0,10,11,1,0,0,229
5343,99,99,-3.2,96632,48.5,5.5,18:05:14,32.240914,-98.27048,388.0,10,12,1,0,0,229
5343,100,100,-2.5,96625,48.3,5.4,18:05:15,32.240914,-98.27048,388.0,10,11,1,0,0,230
5343,101,101,-2.2,96622,47.8,5.5,18:05:16,32.240914,-98.27048,388.0,10,9,1,0,0,231
5343,102,102,-2.3,96623,47.9,5.4,18:05:17,32.240914,-98.27048,388.0,10,9,1,0,0,234
5343,103,103,-2.4,96624,48.3,5.4,18:05:18,32.240914,-98.27048,388.0,10,9,1,0,0,232
5343,104,104,0.3,96617,48.0,5.5,18:05:19,32.240914,-98.27048,388.0,10,0,0,0,0,233
5343,105,105,0.7,96621,47.8,5.5,18:05:20,32.240914,-98.27048,388.0,10,0,0,0,0,233
5343,106,106,-1.4,96627,48.4,5.4,18:05:21,32.240914,-98.27048,388.0,10,0,0,0,0,231
5343,107,107,-1.0,96624,48.5,5.5,18:05:22,32.240914,-98.27048,388.0,10,0,0,0,0,232
5343,108,108,0.3,96616,47.9,5.4,18:05:23,32.240914,-98.27048,388.0,10,0,0,0,0,233
5343,109,109,0.3,96616,48.4,5.4,18:05:24,32.240914,-98.27048,388.0,10,-8,0,0,0,232
5343,110,110,0.5,96619,47.8,5.5,18:05:25,32.240914,-98.27048,388.0,10,-8,0,0,0,232
5343,111,111,0.1,96612,48.5,5.4,18:05:26,32.240914,-98.27048,388.0,10,0,0,0,0,233
5343,112,112,0.2,96616,48.2,5.4,18:05:27,32.240914,-98.27048,388.0,10,-1,-1,0,0,234
5343,113,113,0.6,96620,48.4,5.4,18:05:28,32.240914,-98.27048,388.0,10,-9,-1,0,0,233
5343,114,114,0.2,96616,48.5,5.5,18:05:29,32.240914,-98.27048,388.0,10,-9,-1,0,0,233
5343,115,115,0.5,96618,48.5,5.4,18:05:30,32.240914,-98.27048,388.0,10,-9,-1,0,0,232
5343,116,116,-1.0,96624,48.5,5.5,18:05:31,32.240914,-98.27048,388.0,10,-1,-1,0,0,231
5343,117,117,0.9,96623,48.5,5.5,18:05:32,32.240914,-98.27048,388.0,10,-1,-1,0,0,231
5343,118,118,0.9,96623,48.2,5.5,18:05:33,32.240914,-98.27048,388.0,10,-9,0,0,0,230
5343,119,119,-1.3,96627,48.5,5.5,18:05:34,32.240914,-98.27048,388.0,10,-9,-1,0,0,230
5343,120,120,0.4,96617,48.0,5.4,18:05:35,32.240914,-98.27048,388.0,10,-9,-1,0,0,232
5343,121,121,0.6,96620,48.5,5.5,18:05:36,32.240914,-98.27048,388.0,10,-1,-1,0,0,231
5343,122,122,0.7,96621,48.0,5.5,18:05:37,32.240914,-98.27048,388.0,10,-1,-1,0,0,231
5343,123,123,-1.5,96629,48.0,5.5,18:05:38,32.240914,-98.27048,388.0,10,-8,0,0,0,230
5343,124,124,-1.0,96624,48.0,5.5,18:05:39,32.240914,-98.27048,388.0,10,0,0,0,0,229
5343,125,125,-1.5,96629,48.6,5.4,18:05:40,32.240914,-98.27048,388.0,10,0,0,0,0,229
5343,126,126,-2.0,96634,48.3,5.4,18:05:40,32.240914,-98.27048,388.0,10,0,0,0,0,228
5343,127,127,-1.8,96632,48.3,5.4,18:05:41,32.240914,-98.27048,388.0,10,-8,0,0,0,228
5343,128,128,0.6,96619,48.4,5.4,18:05:42,32.240914,-98.27048,388.0,10,-9,-1,0,0,229
5343,129,129,0.1,96615,48.3,5.5,18:05:43,32.240914,-98.27048,388.0,10,-9,-1,0,0,229
5343,130,130,0.2,96615,47.9,5.5,18:05:44,32.240914,-98.27048,388.0,10,-9,-1,0,0,230
5343,131,131,0.4,96618,48.1,5.5,18:05:45,32.240914,-98.27048,388.0,10,-1,-1,0,0,230
5343,132,132,0.7,96621,48.6,5.4,18:05:46,32.240914,-98.27048,388.0,10,-1,-1,0,0,230
5343,133,133,0.3,96616,48.2,5.4,18:05:47,32.240914,-98.27048,388.0,10,-9,-1,0,0,230
5343,134,134,0.5,96619,48.6,5.5,18:05:48,32.240914,-98.27048,388.0,10,-9,-1,0,0,230
5343,135,135,0.4,96617,48.4,5.5,18:05:49,32.240914,-98.27048,388.0,10,-9,-1,0,0,229
5343,136,136,0.4,96617,48.0,5.5,18:05:50,32.240914,-98.27048,388.0,10,-1,-1,0,0,229
5343,137,137,0.2,96611,48.6,5.5,18:05:51,32.240914,-98.27048,388.0,10,-1,-1,0,0,229
5343,138,138,0.1,96615,48.0,5.4,18:05:52,32.240914,-98.27048,388.0,10,-9,-1,0,0,229
5343,139,139,0.5,96618,48.5,5.5,18:05:53,32.240914,-98.27048,388.0,10,-8,-1,0,0,228
5343,140,140,0.3,96617,48.7,5.5,18:05:54,32.240914,-98.27048,388.0,10,0,-1,0,0,228
5343,141,141,0.4,96618,48.1,5.5,18:05:55,32.240914,-98.27048,388.0,10,0,-1,0,0,229
5343,142,142,0.6,96620,48.0,5.5,18:05:56,32.240914,-98.27048,388.0,10,0,-1,0,0,228
5343,143,143,-1.1,96625,48.2,5.5,18:05:57,32.240914,-98.27048,388.0,10,-8,-1,0,0,228
5343,144,144,-1.7,96631,48.1,5.5,18:05:58,32.240914,-98.27048,388.0,10,-8,-1,0,0,227
5343,145,145,-2.1,96635,48.4,5.5,18:05:59,32.240914,-98.27048,388.0,10,0,-1,0,0,227
5343,146,146,-2.3,96637,48.7,5.5,18:06:00,32.240914,-98.27048,388.0,10,1,0,0,0,223
5343,147,147,-2.4,96638,48.4,5.4,18:06:01,32.240914,-98.27048,388.0,10,1,0,0,0,224
5343,148,148,-2.3,96637,48.7,5.5,18:06:02,32.240914,-98.27048,388.0,10,1,0,0,0,224
5343,149,149,-1.2,96626,48.2,5.5,18:06:03,32.240914,-98.27048,388.0,10,0,0,0,0,224
5343,150,150,-1.3,96626,48.1,5.5,18:06:04,32.240914,-98.27048,388.0,10,0,0,0,0,223
5343,151,151,-2.4,96638,48.5,5.5,18:06:05,32.240914,-98.27048,388.0,10,0,0,0,0,223
5343,152,152,0.5,96619,48.4,5.5,18:06:06,32.240914,-98.27048,388.0,10,-8,0,0,0,225
5343,153,153,0.1,96615,48.1,5.5,18:06:07,32.240914,-98.27048,388.0,10,-1,-1,0,0,226
5343,154,154,0.0,96614,48.2,5.5,18:06:08,32.240914,-98.27048,388.0,10,-9,-1,0,0,229
5343,155,155,-1.3,96627,48.6,5.5,18:06:09,32.240914,-98.27048,388.0,10,-1,0,0,0,225
5343,156,156,0.9,96623,48.4,5.5,18:06:10,32.240914,-98.27048,388.0,10,-1,-1,0,0,226
5343,157,157,-1.4,96628,48.2,5.5,18:06:11,32.240914,-98.27048,388.0,10,-9,0,0,0,225
5343,158,158,-1.1,96625,48.2,5.5,18:06:12,32.240914,-98.27048,388.0,10,-9,0,0,0,225
5343,159,159,-1.0,96623,48.4,5.4,18:06:13,32.240914,-98.27048,388.0,10,-1,0,0,0,225
5343,160,160,-1.2,96626,48.4,5.5,18:06:14,32.240914,-98.27048,388.0,10,-1,-1,0,0,226
5343,161,161,-2.2,96636,48.5,5.4,18:06:15,32.240914,-98.27048,388.0,10,0,0,0,0,224
5343,162,162,0.6,96620,48.2,5.5,18:06:16,32.240914,-98.27048,388.0,10,-9,0,0,0,225
5343,163,163,-1.6,96630,48.0,5.5,18:06:17,32.240914,-98.27048,388.0,10,-9,0,0,0,224
5343,164,164,-1.6,96630,48.7,5.5,18:06:18,32.240914,-98.27048,388.0,10,-1,0,0,0,224
5343,165,165,0.8,96622,48.0,5.5,18:06:19,32.240914,-98.27048,388.0,10,-1,0,0,0,225
5343,166,166,0.5,96618,48.7,5.5,18:06:20,32.240914,-98.27048,388.0,10,0,0,0,0,224
5343,167,167,-1.3,96626,48.7,5.4,18:06:21,32.240914,-98.27048,388.0,10,-8,0,0,0,223
5343,168,168,0.6,96619,48.5,5.4,18:06:22,32.240914,-98.27048,388.0,10,0,0,0,0,223
5343,169,169,0.6,96619,48.4,5.5,18:06:23,32.240914,-98.27048,388.0,10,0,0,0,0,224
5343,170,170,0.7,96621,48.1,5.5,18:06:24,32.240914,-98.27048,388.0,10,0,-1,0,0,224
5343,171,171,-1.9,96633,48.4,5.4,18:06:24,32.240914,-98.27048,388.0,10,-8,0,0,0,223
5343,172,172,0.8,96621,48.7,5.5,18:06:25,32.240914,-98.27048,388.0,10,-8,0,0,0,225
5343,173,173,0.5,96619,48.7,5.5,18:06:26,32.240914,-98.27048,388.0,10,-8,0,0,0,224
5343,174,174,-2.6,96640,48.6,5.4,18:06:27,32.240914,-98.27048,388.0,10,0,0,0,0,221
5343,175,175,-1.5,96629,48.1,5.5,18:06:28,32.240914,-98.27048,388.0,10,0,0,0,0,226
5343,176,176,-1.2,96626,48.2,5.5,18:06:29,32.240914,-98.27048,388.0,10,0,0,0,0,220
5343,177,177,-2.0,96634,48.2,5.5,18:06:30,32.240914,-98.27048,388.0,10,0,0,0,0,221
5343,178,178,-1.5,96628,48.1,5.5,18:06:31,32.240914,-98.27048,388.0,10,1,0,0,0,220
5343,179,179,-2.6,96640,48.7,5.4,18:06:32,32.240914,-98.27048,388.0,10,1,0,0,0,219
5343,180,180,-3.2,96646,48.6,5.4,18:06:33,32.240914,-98.27048,388.0,10,1,0,0,0,219
5343,181,181,-3.1,96645,48.7,5.5,18:06:34,32.240914,-98.27048,388.0,10,1,0,0,0,219
5343,182,182,-2.3,96637,48.6,5.5,18:06:35,32.240914,-98.27048,388.0,10,1,0,0,0,220
5343,183,183,-1.9,96633,48.3,5.5,18:06:36,32.240914,-98.27048,388.0,10,0,0,0,0,220
5343,184,184,-1.0,96624,48.1,5.5,18:06:37,32.240914,-98.27048,388.0,10,0,0,0,0,223
5343,185,185,-1.2,96626,48.1,5.5,18:06:38,32.240914,-98.27048,388.0,11,0,-1,0,0,223
5343,186,186,0.5,96619,48.2,5.5,18:06:39,32.240914,-98.27048,388.0,10,-8,-1,0,0,223
5343,187,187,-1.2,96625,48.3,5.5,18:06:40,32.240914,-98.27048,388.0,10,-8,0,0,0,221
5343,188,188,0.7,96621,48.6,5.5,18:06:41,32.240914,-98.27048,388.0,11,0,0,0,0,220
5343,189,189,-1.2,96626,48.9,5.5,18:06:42,32.240914,-98.27048,388.0,11,0,-1,0,0,227
5343,190,190,0.9,96622,48.8,5.5,18:06:43,32.240914,-98.27048,388.0,11,-8,0,0,0,221
5343,191,191,-1.0,96624,48.6,5.5,18:06:44,32.240914,-98.27048,388.0,11,-9,0,0,0,221
5343,192,192,0.7,96620,48.7,5.4,18:06:45,32.240914,-98.27048,388.0,11,-1,0,0,0,223
5343,193,193,0.4,96617,48.7,5.5,18:06:46,32.240914,-98.27048,388.0,11,-9,-1,0,0,222
5343,194,194,-1.1,96625,48.9,5.5,18:06:47,32.240914,-98.27048,388.0,11,-1,-1,0,0,222
5343,195,195,-1.5,96629,48.6,5.4,18:06:48,32.240914,-98.27048,388.0,11,-8,-1,0,0,221
5343,196,196,-1.1,96625,48.2,5.4,18:06:49,32.240914,-98.27048,388.0,11,-9,-1,0,0,221
5343,197,197,-1.5,96629,48.2,5.5,18:06:50,32.240914,-98.27048,388.0,11,-9,-1,0,0,220
5343,198,198,-1.7,96631,48.2,5.5,18:06:51,32.240914,-98.27048,388.0,11,-1,-1,0,0,220
5343,199,199,-1.5,96629,48.7,5.4,18:06:52,32.240914,-98.27048,388.0,11,-9,0,0,0,220
5343,200,200,0.8,96622,48.8,5.4,18:06:53,32.240914,-98.27048,388.0,11,-1,0,0,0,220
5343,201,201,0.9,96622,48.7,5.4,18:06:54,32.240914,-98.27048,388.0,11,-9,0,0,0,221
5343,202,202,-1.5,96629,48.2,5.5,18:06:55,32.240914,-98.27048,388.0,11,-1,-1,0,0,220
5343,203,203,0.9,96622,48.7,5.4,18:06:56,32.240914,-98.27048,388.0,11,-1,-1,0,0,221
5343,204,204,-1.0,96624,48.2,5.4,18:06:57,32.240914,-98.27048,388.0,11,-1,-1,0,0,222
5343,205,205,-1.0,96624,48.5,5.4,18:06:58,32.240914,-98.27048,388.0,11,-1,-1,0,0,229
5343,206,206,0.9,96623,48.2,5.5,18:06:59,32.240914,-98.27048,388.0,11,-9,-1,0,0,226
5343,207,207,-1.2,96625,48.5,5.5,18:07:00,32.240914,-98.27048,388.0,11,-1,-1,0,0,220
5343,208,208,-1.2,96626,48.7,5.5,18:07:01,32.240914,-98.27048,388.0,11,0,0,0,0,219
5343,209,209,-1.2,96626,48.6,5.5,18:07:02,32.240914,-98.27048,388.0,11,-8,0,0,0,219
5343,210,210,-1.3,96626,48.4,5.5,18:07:03,32.240914,-98.27048,388.0,11,-9,-1,0,0,220
5343,211,211,-1.5,96629,48.3,5.5,18:07:04,32.240914,-98.27048,388.0,11,-1,-1,0,0,220
5343,212,212,-1.5,96629,48.7,5.4,18:07:05,32.240914,-98.27048,388.0,11,-1,-1,0,0,219
5343,213,213,0.9,96623,48.6,5.5,18:07:06,32.240914,-98.27048,388.0,11,-1,0,0,0,219
5343,214,214,-1.8,96632,48.6,5.5,18:07:07,32.240914,-98.27048,388.0,11,-1,-1,0,0,220
5343,215,215,-1.8,96632,48.7,5.4,18:07:08,32.240914,-98.27048,388.0,11,-8,-1,0,0,219
5343,216,216,-2.9,96643,48.5,5.5,18:07:08,32.240914,-98.27048,388.0,11,1,0,0,0,216
5343,217,217,-1.9,96633,49.0,5.5,18:07:09,32.240914,-98.27048,388.0,11,0,0,0,0,216
5343,218,218,-3.1,96646,48.3,5.4,18:07:10,32.240914,-98.27048,388.0,11,1,0,0,0,214
5343,219,219,-2.5,96639,49.0,5.5,18:07:11,32.240914,-98.27048,388.0,11,1,0,0,0,215
5343,220,220,-2.1,96635,48.3,5.4,18:07:12,32.240914,-98.27048,388.0,11,1,0,0,0,214
5343,221,221,-1.6,96630,48.6,5.5,18:07:13,32.240914,-98.27048,388.0,11,0,0,0,0,217
5343,222,222,-2.3,96637,48.8,5.5,18:07:14,32.240914,-98.27048,388.0,11,0,0,0,0,216
5343,223,223,-1.3,96627,48.9,5.5,18:07:15,32.240914,-98.27048,388.0,11,0,0,0,0,216
5343,224,224,-2.4,96638,48.4,5.4,18:07:16,32.240914,-98.27048,388.0,11,0,0,0,0,215
5343,225,225,-1.9,96633,48.8,5.5,18:07:17,32.240914,-98.27048,388.0,11,0,0,0,0,215
5343,226,226,-1.7,96631,48.9,5.5,18:07:18,32.240914,-98.27048,388.0,11,0,0,0,0,214
5343,227,227,-1.7,96631,48.2,5.4,18:07:19,32.240914,-98.27048,388.0,11,0,0,0,0,216
5343,228,228,-1.6,96630,49.0,5.5,18:07:20,32.240914,-98.27048,388.0,11,0,0,0,0,215
5343,229,229,0.9,96623,48.4,5.5,18:07:21,32.240914,-98.27048,388.0,11,0,0,0,0,217
5343,230,230,-2.5,96639,48.5,5.5,18:07:22,32.240914,-98.27048,388.0,11,1,0,0,0,213
5343,231,231,-2.6,96640,48.8,5.5,18:07:23,32.240914,-98.27048,388.0,11,1,0,0,0,212
5343,232,232,-2.8,96642,49.0,5.5,18:07:24,32.240914,-98.27048,388.0,10,1,0,0,0,212
5343,233,233,-2.3,96637,48.3,5.4,18:07:25,32.240914,-98.27048,388.0,11,2,0,0,0,211
5343,234,234,-1.4,96628,48.3,5.5,18:07:26,32.240914,-98.27048,388.0,11,2,0,0,0,212
5343,235,235,-2.1,96635,48.9,5.5,18:07:27,32.240914,-98.27048,388.0,11,1,0,0,0,212
5343,236,236,-1.7,96631,48.6,5.4,18:07:28,32.240914,-98.27048,388.0,11,2,0,0,0,212
5343,237,237,-2.6,96640,48.8,5.4,18:07:29,32.240914,-98.27048,388.0,11,2,0,0,0,211
5343,238,238,-2.2,96636,49.0,5.4,18:07:30,32.240914,-98.27048,388.0,11,2,0,0,0,212
5343,239,239,-1.6,96630,48.4,5.5,18:07:31,32.240914,-98.27048,388.0,11,1,0,0,0,212
5343,240,240,-1.7,96631,49.0,5.5,18:07:32,32.240914,-98.27048,388.0,11,0,0,0,0,217
5343,241,241,-1.9,96633,48.9,5.5,18:07:33,32.240914,-98.27048,388.0,11,0,0,0,0,214
5343,242,242,-1.2,96625,48.9,5.4,18:07:34,32.240914,-98.27048,388.0,11,0,0,0,0,214
5343,243,243,-1.2,96626,48.5,5.5,18:07:35,32.240914,-98.27048,388.0,11,0,0,0,0,214
5343,244,244,-1.4,96628,48.5,5.5,18:07:36,32.240914,-98.27048,388.0,11,-8,0,0,0,213
5343,245,245,-1.6,96630,48.5,5.5,18:07:37,32.240914,-98.27048,388.0,11,-8,0,0,0,214
5343,246,246,0.9,96623,48.9,5.5,18:07:38,32.240914,-98.27048,388.0,11,0,-1,0,0,214
5343,247,247,-1.2,96626,48.4,5.4,18:07:39,32.240914,-98.27048,388.0,10,-8,-1,0,0,214
5343,248,248,-1.3,96627,49.0,5.5,18:07:40,32.240914,-98.27048,388.0,11,-9,-1,0,0,214
5343,249,249,-1.0,96624,48.6,5.5,18:07:41,32.240914,-98.27048,388.0,11,-9,-1,0,0,214
5343,250,250,-1.3,96627,48.7,5.4,18:07:42,32.240914,-98.27048,388.0,11,-1,-1,0,0,214
5343,251,251,-1.0,96624,49.0,5.5,18:07:43,32.240914,-98.27048,388.0,11,-1,-1,0,0,214
5343,252,252,-1.2,96626,48.3,5.5,18:07:44,32.240914,-98.27048,388.0,11,-9,-1,0,0,223
5343,253,253,-1.3,96627,48.9,5.5,18:07:45,32.240914,-98.27048,388.0,10,-9,-1,0,0,219
5343,254,254,-1.2,96626,48.9,5.4,18:07:46,32.240914,-98.27048,388.0,10,-1,-1,0,0,214
5343,255,255,-1.6,96630,48.8,5.5,18:07:47,32.240914,-98.27048,388.0,11,-1,-1,0,0,213
5343,256,256,0.6,96619,48.5,5.5,18:07:48,32.240914,-98.27048,388.0,11,-1,-1,0,0,213
5343,257,257,0.3,96616,49.0,5.4,18:07:49,32.240914,-98.27048,388.0,11,-1,0,0,0,212
5343,258,258,-1.4,96628,49.0,5.5,18:07:50,32.240914,-98.27048,388.0,11,1,0,0,0,208
5343,259,259,-1.4,96628,48.7,5.5,18:07:51,32.240914,-98.27048,388.0,11,0,0,0,0,210
5343,260,260,-1.0,96624,48.4,5.4,18:07:51,32.240914,-98.27048,388.0,11,0,0,0,0,211
5343,261,261,-1.2,96626,48.9,5.5,18:07:53,32.240914,-98.27048,388.0,11,0,0,0,0,211
5343,262,262,0.2,96615,48.6,5.5,18:07:53,32.240914,-98.27048,388.0,11,-8,0,0,0,211
5343,263,263,0.9,96604,48.4,5.5,18:07:54,32.240914,-98.27048,388.0,11,-8,0,0,0,212
5343,264,264,0.4,96617,48.4,5.5,18:07:55,32.240914,-98.27048,388.0,11,0,0,0,0,212
5343,265,265,-2.0,96634,49.1,5.5,18:07:56,32.240914,-98.27048,388.0,11,0,0,0,0,209
5343,266,266,-1.7,96631,48.8,5.5,18:07:57,32.240914,-98.27048,388.0,11,0,0,0,0,208
5343,267,267,-1.5,96629,49.1,5.5,18:07:58,32.240914,-98.27048,388.0,11,0,0,0,0,211
5343,268,268,-1.1,96625,48.5,5.5,18:07:59,32.240914,-98.27048,388.0,11,0,0,0,0,209
5343,269,269,-1.3,96627,49.0,5.5,18:08:00,32.240914,-98.27048,388.0,11,0,0,0,0,209
5343,270,270,-1.8,96631,48.5,5.5,18:08:01,32.240914,-98.27048,388.0,11,0,0,0,0,208
5343,271,271,-1.8,96632,48.8,5.4,18:08:02,32.240914,-98.27048,388.0,11,0,0,0,0,209
5343,272,272,-1.9,96633,48.7,5.5,18:08:03,32.240914,-98.27048,388.0,11,-8,0,0,0,209
5343,273,273,-2.5,96639,49.1,5.4,18:08:04,32.240914,-98.27048,388.0,11,1,0,0,0,206
5343,274,274,-2.6,96640,49.1,5.5,18:08:05,32.240914,-98.27048,388.0,11,0,0,0,0,207
5343,275,275,-2.7,96642,48.5,5.5,18:08:06,32.240914,-98.27048,388.0,11,0,0,0,0,207
5343,276,276,-2.7,96641,49.1,5.5,18:08:07,32.240914,-98.27048,388.0,11,1,0,0,0,205
5343,277,277,-2.5,96640,48.6,5.5,18:08:08,32.240914,-98.27048,388.0,11,0,0,0,0,206
5343,278,278,-2.8,96642,48.8,5.5,18:08:09,32.240914,-98.27048,388.0,11,1,0,0,0,206
5343,279,279,-3.0,96644,49.1,5.5,18:08:10,32.240914,-98.27048,388.0,11,1,0,0,0,206
5343,280,280,-4.3,96658,48.4,5.4,18:08:11,32.240914,-98.27048,388.0,11,1,0,0,0,206
5343,281,281,-2.3,96637,49.0,5.4,18:08:12,32.240914,-98.27048,388.0,11,1,0,0,0,205
5343,282,282,-2.8,96642,48.7,5.4,18:08:13,32.240914,-98.27048,388.0,11,1,0,0,0,205
5343,283,283,-2.7,96642,49.2,5.4,18:08:14,32.240914,-98.27048,388.0,11,1,0,0,0,204
5343,284,284,-2.0,96634,49.0,5.5,18:08:15,32.240914,-98.27048,388.0,11,0,0,0,0,210
5343,285,285,-2.0,96634,49.1,5.5,18:08:16,32.240914,-98.27048,388.0,11,0,0,0,0,206
5343,286,286,-2.4,96638,49.2,5.4,18:08:17,32.240914,-98.27048,388.0,11,0,0,0,0,205
5343,287,287,-2.0,96634,48.8,5.4,18:08:18,32.240914,-98.27048,388.0,11,0,0,0,0,206
5343,288,288,-2.5,96639,49.1,5.5,18:08:19,32.240914,-98.27048,388.0,11,0,0,0,0,205
5343,289,289,-1.2,96626,48.5,5.5,18:08:20,32.240914,-98.27048,388.0,11,0,0,0,0,206
5343,290,290,-2.1,96635,49.1,5.5,18:08:21,32.240914,-98.27048,388.0,11,0,0,0,0,204
5343,291,291,-2.9,96643,49.1,5.5,18:08:22,32.240914,-98.27048,388.0,11,2,0,0,0,202
5343,292,292,-3.4,96649,49.2,5.5,18:08:23,32.240914,-98.27048,388.0,11,1,0,0,0,203
5343,293,293,-2.4,96638,49.1,5.5,18:08:24,32.240914,-98.27048,388.0,11,1,0,0,0,203
5343,294,294,-3.5,96649,48.6,5.4,18:08:25,32.240914,-98.27048,388.0,11,2,0,0,0,202
5343,295,295,0.3,96645,48.7,5.4,18:08:26,32.240914,-98.27048,388.0,11,0,0,0,0,201
5343,296,296,0.8,96639,49.1,5.5,18:08:27,32.240914,-98.27048,388.0,11,0,0,0,0,202
5343,297,297,1.6,96632,48.7,5.5,18:08:28,32.240914,-98.27048,388.0,11,0,0,0,0,202
5343,298,298,0.7,96640,48.8,5.4,18:08:29,32.240914,-98.27048,388.0,11,0,0,0,0,201
5343,299,299,1.0,96637,49.1,5.5,18:08:30,32.240914,-98.27048,388.0,11,0,0,0,0,202
5343,300,300,2.8,96619,49.2,5.5,18:08:31,32.240914,-98.27048,388.0,11,0,0,0,0,202
5343,301,301,0.9,96638,48.9,5.5,18:08:32,32.240914,-98.27048,388.0,11,0,0,0,0,202
5343,302,302,0.0,96648,49.2,5.5,18:08:33,32.240914,-98.27048,388.0,11,0,0,0,0,201
5343,303,303,0.2,96646,49.1,5.5,18:08:34,32.240914,-98.27048,388.0,11,0,0,0,0,201
5343,304,304,0.2,96646,48.6,5.5,18:08:35,32.240914,-98.27048,388.0,11,0,0,0,0,201
5343,305,305,0.8,96639,49.2,5.5,18:08:36,32.240914,-98.27048,388.0,11,0,0,0,0,201
5343,306,306,1.0,96637,48.7,5.5,18:08:36,32.240914,-98.27048,388.0,11,0,0,0,0,201
