Team ID,Mission Time,Packet Count,Altitude,Pressure,Temperature,Voltage,GPS Time,GPS Latitude,GPS Longitude,GPS Altitude,GPS Sats,Pitch,Roll,Blade Spin Rate,Flight State,Bonus Direction
5343,221,221,17.7,96953,27.6,5.5,23:59:42,0.0,0.0,0.0,0,-5,2,270,0,5
5343,222,222,18.1,96948,27.8,3.8,23:59:42,0.0,0.0,0.0,0,59,12,345,0,324
5343,223,223,17.6,96953,28.2,5.4,23:59:43,0.0,0.0,0.0,0,77,-10,172,0,281
5343,224,224,17.6,96953,28.3,5.5,23:59:44,0.0,0.0,0.0,0,77,-13,86,0,274
5343,225,225,17.7,96952,28.4,5.4,23:59:44,0.0,0.0,0.0,0,72,-16,43,0,246
5343,226,226,17.5,96954,28.3,5.5,23:59:45,0.0,0.0,0.0,0,72,-12,21,0,248
5343,227,227,17.6,96953,28.2,5.5,23:59:46,0.0,0.0,0.0,0,74,-9,10,0,249
5343,228,228,17.7,96952,28.2,5.5,23:59:47,0.0,0.0,0.0,0,78,-11,95,0,246
5343,229,229,17.6,96953,28.2,5.5,23:59:48,0.0,0.0,0.0,0,-87,-6,47,0,258
5343,230,230,17.5,96955,28.1,5.5,23:59:49,0.0,0.0,0.0,0,-86,1,23,0,286
5343,231,231,17.5,96955,28.1,5.5,23:59:50,0.0,0.0,0.0,0,-86,-6,41,0,275
5343,232,232,17.5,96954,28.1,5.5,23:59:51,0.0,0.0,0.0,0,-88,-15,170,0,141
5343,233,233,17.5,96954,28.1,5.5,23:59:52,0.0,0.0,0.0,0,-85,7,85,0,205
5343,234,234,17.4,96955,28.3,5.5,23:59:53,0.0,0.0,0.0,0,41,27,102,0,250
5343,235,235,17.7,96952,28.5,5.5,23:59:54,0.0,0.0,0.0,0,85,0,111,0,188
5343,236,236,19.3,96935,27.2,4.0,23:59:43,0.0,0.0,0.0,0,-9,-11,330,0,359
5343,237,237,19.4,96933,27.3,5.5,23:59:43,0.0,0.0,0.0,0,-8,-5,165,0,357
5343,1,1,0.0,96934,27.6,5.5,23:59:43,0.0,0.0,0.0,0,0,0,30,0,358
5343,2,2,0.1,96935,27.6,5.5,23:59:43,0.0,0.0,0.0,0,22,-6,165,0,22
5343,3,3,0.0,96933,27.7,5.5,23:59:44,0.0,0.0,0.0,0,28,-7,82,0,32
5343,4,4,0.2,96936,27.7,5.5,23:59:45,0.0,0.0,0.0,0,24,-6,41,0,26
5343,5,5,0.0,96933,27.7,5.5,23:59:46,0.0,0.0,0.0,0,12,2,20,0,2
5343,6,6,0.2,96937,27.7,5.5,23:59:47,0.0,0.0,0.0,0,11,1,10,0,358
5343,7,7,0.3,96938,27.7,5.5,23:59:48,0.0,0.0,0.0,0,15,25,5,0,307
5343,8,8,0.1,96935,27.8,5.5,23:59:49,0.0,0.0,0.0,0,27,0,32,0,14
5343,9,9,0.4,96939,27.8,5.5,23:59:50,0.0,0.0,0.0,0,22,-3,46,0,8
5343,10,10,0.3,96938,27.8,5.5,23:59:51,0.0,0.0,0.0,0,21,0,23,0,7
5343,11,11,0.5,96939,27.9,5.5,23:59:52,0.0,0.0,0.0,0,19,-2,11,0,5
5343,12,12,0.4,96939,27.9,5.5,23:59:53,0.0,0.0,0.0,0,19,-3,5,0,5
5343,13,13,0.1,96936,27.9,5.5,23:59:54,0.0,0.0,0.0,0,19,-3,2,0,5
5343,14,14,0.0,96934,28.0,5.5,23:59:55,0.0,0.0,0.0,0,21,-6,31,0,3
5343,15,15,0.0,96933,28.0,5.5,23:59:56,0.0,0.0,0.0,0,19,0,75,0,2
5343,16,16,0.0,96933,28.0,5.5,23:59:57,0.0,0.0,0.0,0,14,1,37,0,352
5343,17,17,0.0,96933,28.0,5.5,23:59:58,0.0,0.0,0.0,0,5,0,18,0,338
5343,18,18,0.2,96936,28.0,5.5,23:59:59,0.0,0.0,0.0,0,4,-5,9,0,335
5343,19,19,0.3,96938,28.2,5.5,00:00:00,0.0,0.0,0.0,0,4,-12,34,0,337
5343,20,20,0.0,96935,28.1,5.5,00:00:01,0.0,0.0,0.0,0,19,-6,17,0,347
5343,21,21,0.0,96935,28.2,5.5,00:00:02,0.0,0.0,0.0,0,19,-3,38,0,319
5343,22,22,0.0,96935,28.2,5.5,00:00:03,0.0,0.0,0.0,0,13,-3,19,0,357
5343,23,23,0.1,96933,28.2,5.5,00:00:04,0.0,0.0,0.0,0,32,0,69,0,40
5343,24,24,0.0,96933,28.5,5.5,00:00:05,0.0,0.0,0.0,0,29,2,34,0,48
5343,25,25,0.2,96931,28.9,5.5,00:00:06,0.0,0.0,0.0,0,30,0,17,0,52
5343,26,26,0.1,96932,29.1,5.5,00:00:07,0.0,0.0,0.0,0,27,-16,8,0,62
5343,27,27,0.0,96933,28.9,5.5,00:00:08,0.0,0.0,0.0,0,56,-23,4,0,60
5343,28,28,0.1,96933,28.9,5.5,00:00:09,0.0,0.0,0.0,0,50,-25,2,0,68
5343,29,29,0.1,96932,29.2,5.5,00:00:10,0.0,0.0,0.0,0,56,-22,1,0,65
5343,30,30,0.1,96932,29.2,5.5,00:00:11,0.0,0.0,0.0,0,35,-57,0,0,13
5343,31,31,0.1,96936,29.1,5.5,00:00:12,0.0,0.0,0.0,0,-5,-60,0,0,348
5343,32,32,0.2,96936,29.0,5.5,00:00:13,0.0,0.0,0.0,0,-9,-62,0,0,348
5343,33,33,0.2,96937,29.1,5.5,00:00:13,0.0,0.0,0.0,0,-9,-62,0,0,347
5343,34,34,0.2,96937,29.0,5.5,00:00:14,0.0,0.0,0.0,0,-10,-61,0,0,348
5343,35,35,0.1,96935,29.1,5.5,00:00:15,0.0,0.0,0.0,0,-12,-61,0,0,347
5343,36,36,0.1,96936,29.1,5.5,00:00:16,0.0,0.0,0.0,0,-15,-62,0,0,345
5343,37,37,0.0,96934,29.1,5.5,00:00:17,0.0,0.0,0.0,0,-14,-62,0,0,346
5343,38,38,0.1,96936,29.1,5.5,00:00:18,0.0,0.0,0.0,0,-10,-62,0,0,347
5343,39,39,0.3,96938,29.1,5.5,00:00:19,0.0,0.0,0.0,0,-8,-62,0,0,347
5343,40,40,0.4,96939,29.2,5.5,00:00:20,0.0,0.0,0.0,0,-4,-60,0,0,352
5343,41,41,0.4,96938,29.2,5.5,00:00:21,0.0,0.0,0.0,0,25,-48,0,0,27
5343,42,42,0.4,96939,29.2,5.5,00:00:22,0.0,0.0,0.0,0,71,-13,0,0,105
5343,43,43,0.2,96937,29.3,5.5,00:00:23,0.0,0.0,0.0,0,8,-55,0,0,16
5343,44,44,0.1,96936,29.3,5.5,00:00:24,0.0,0.0,0.0,0,-6,-48,0,0,3
5343,45,45,0.0,96935,29.3,5.5,00:00:25,0.0,0.0,0.0,0,-14,-41,0,0,1
5343,46,46,0.2,96936,29.3,5.5,00:00:26,0.0,0.0,0.0,0,-20,-49,0,0,12
5343,47,47,0.0,96934,29.3,5.5,00:00:27,0.0,0.0,0.0,0,-18,-41,0,0,19
5343,48,48,0.0,96934,29.3,5.5,00:00:28,0.0,0.0,0.0,0,-32,-46,0,0,29
5343,49,49,0.0,96935,29.3,5.5,00:00:29,0.0,0.0,0.0,0,-57,-89,0,0,56
5343,50,50,0.0,96933,29.4,5.5,00:00:30,0.0,0.0,0.0,0,-23,-83,0,0,58
5343,51,51,0.0,96934,29.4,5.5,00:00:31,0.0,0.0,0.0,0,-14,-74,0,0,44
5343,52,52,0.0,96933,29.4,5.5,00:00:32,0.0,0.0,0.0,0,-30,-68,0,0,41
5343,53,53,0.2,96931,29.5,5.5,00:00:33,0.0,0.0,0.0,0,5,-43,0,0,36
5343,54,54,0.1,96932,29.5,5.5,00:00:34,0.0,0.0,0.0,0,3,-29,0,0,46
5343,55,55,0.2,96931,29.5,5.5,00:00:35,0.0,0.0,0.0,0,5,-28,0,0,78
5343,56,56,0.2,96931,29.6,5.5,00:00:36,0.0,0.0,0.0,0,0,-32,0,0,88
5343,57,57,0.2,96931,29.5,5.5,00:00:37,0.0,0.0,0.0,0,-5,-35,30,0,71
5343,58,58,0.0,96933,29.5,5.5,00:00:38,0.0,0.0,0.0,0,-3,-41,45,0,57
5343,59,59,0.2,96931,29.5,5.5,00:00:39,0.0,0.0,0.0,0,4,-45,112,0,60
5343,60,60,0.2,96931,29.5,5.5,00:00:40,0.0,0.0,0.0,0,33,-29,116,0,96
5343,61,61,0.0,96933,29.6,5.5,00:00:41,0.0,0.0,0.0,0,35,-28,58,0,108
5343,62,62,0.2,96931,29.5,5.5,00:00:42,0.0,0.0,0.0,0,28,-26,29,0,93
5343,63,63,0.1,96932,29.6,5.5,00:00:43,0.0,0.0,0.0,0,29,-33,14,0,92
5343,64,64,0.0,96933,29.5,5.5,00:00:43,0.0,0.0,0.0,0,31,-24,7,0,98
5343,65,65,0.0,96934,29.6,5.5,00:00:44,0.0,0.0,0.0,0,42,-23,3,0,111
5343,66,66,0.1,96932,29.6,5.5,00:00:45,0.0,0.0,0.0,0,47,-22,1,0,102
5343,67,67,0.1,96932,29.6,5.5,00:00:46,0.0,0.0,0.0,0,47,-22,0,0,103
5343,68,68,0.2,96931,29.6,5.5,00:00:47,0.0,0.0,0.0,0,49,-25,0,0,115
5343,69,69,0.3,96930,29.6,5.5,00:00:48,0.0,0.0,0.0,0,52,-31,0,0,108
5343,70,70,0.0,96933,29.7,5.5,00:00:49,0.0,0.0,0.0,0,62,-23,0,0,113
5343,71,71,0.2,96931,29.7,5.5,00:00:50,0.0,0.0,0.0,0,66,-12,0,0,132
5343,72,72,0.1,96933,29.7,5.5,00:00:51,0.0,0.0,0.0,0,62,-14,0,0,123
5343,73,73,0.1,96932,29.7,5.5,00:00:52,0.0,0.0,0.0,0,56,-16,0,0,106
5343,74,74,0.2,96931,29.7,5.5,00:00:53,0.0,0.0,0.0,0,46,-8,0,0,87
5343,75,75,0.4,96929,29.6,5.5,00:00:54,0.0,0.0,0.0,0,6,-2,0,0,69
5343,76,76,0.1,96932,29.7,5.5,00:00:55,0.0,0.0,0.0,0,6,2,30,0,78
5343,77,77,0.3,96930,29.7,5.5,00:00:56,0.0,0.0,0.0,0,13,1,15,0,75
5343,78,78,0.2,96931,29.8,5.5,00:00:57,0.0,0.0,0.0,0,22,-1,7,0,76
5343,79,79,0.0,96933,29.8,5.5,00:00:58,0.0,0.0,0.0,0,19,-1,3,0,80
5343,80,80,0.1,96935,29.8,5.5,00:00:59,0.0,0.0,0.0,0,23,-1,1,0,82
5343,81,81,0.0,96933,29.8,5.5,00:01:00,0.0,0.0,0.0,0,-1,1,0,0,71
5343,82,82,0.1,96936,29.9,5.5,00:01:01,0.0,0.0,0.0,0,9,2,0,0,69
5343,83,83,0.0,96935,29.9,5.5,00:01:02,0.0,0.0,0.0,0,8,4,0,0,71
5343,84,84,0.0,96933,29.8,5.5,00:01:03,0.0,0.0,0.0,0,9,3,30,0,75
5343,85,85,0.0,96934,29.9,5.5,00:01:04,0.0,0.0,0.0,0,12,2,15,0,75
5343,86,86,0.0,96933,29.8,5.5,00:01:05,0.0,0.0,0.0,0,13,2,7,0,77
5343,1,1,0.2,96933,30.1,5.5,00:01:11,0.0,0.0,0.0,0,-5,0,30,0,82
5343,2,2,0.2,96934,30.2,5.5,00:01:12,0.0,0.0,0.0,0,-8,2,315,0,99
5343,3,3,0.2,96933,30.2,5.5,00:01:13,0.0,0.0,0.0,0,-9,0,187,0,92
5343,4,4,0.2,96933,30.2,5.5,00:01:14,0.0,0.0,0.0,0,-9,-1,93,0,89
5343,5,5,0.0,96930,30.2,5.5,00:01:15,0.0,0.0,0.0,0,-16,-7,46,0,91
5343,6,6,0.1,96929,30.2,5.5,00:01:16,0.0,0.0,0.0,0,-17,-6,83,0,87
5343,7,7,0.2,96933,30.3,5.5,00:01:17,0.0,0.0,0.0,0,-13,-2,521,0,90
5343,8,8,0.1,96932,30.3,5.5,00:01:18,0.0,0.0,0.0,0,-11,3,380,0,93
5343,9,9,0.0,96930,30.3,5.5,00:01:19,0.0,0.0,0.0,0,-10,2,430,0,99
5343,10,10,0.0,96931,30.4,5.5,00:01:20,0.0,0.0,0.0,0,2,10,215,0,100
5343,11,11,0.2,96928,30.8,5.5,00:01:21,0.0,0.0,0.0,0,8,11,107,0,93
5343,12,12,0.3,96927,30.8,5.5,00:01:22,0.0,0.0,0.0,0,11,8,53,0,81
5343,13,13,0.0,96930,30.8,5.5,00:01:23,0.0,0.0,0.0,0,-2,10,26,0,94
5343,14,14,0.1,96929,30.8,5.5,00:01:24,0.0,0.0,0.0,0,0,10,13,0,80
5343,15,15,0.2,96928,30.7,5.5,00:01:25,0.0,0.0,0.0,0,-11,1,6,0,51
5343,16,16,0.2,96928,30.6,5.4,23:59:43,0.0,0.0,0.0,0,-1,0,0,0,5
5343,17,17,0.1,96929,30.6,4.3,23:59:44,0.0,0.0,0.0,0,5,4,0,0,352
5343,18,18,0.0,96930,30.7,5.5,23:59:45,0.0,0.0,0.0,0,20,-3,0,0,9
5343,19,19,0.0,96930,30.6,5.5,23:59:46,0.0,0.0,0.0,0,28,3,0,0,48
5343,20,20,0.1,96929,30.8,5.5,23:59:47,0.0,0.0,0.0,0,31,28,30,0,169
5343,21,21,0.0,96931,31.0,5.5,23:59:48,0.0,0.0,0.0,0,13,33,15,0,209
5343,22,22,0.0,96929,31.1,5.5,23:59:49,0.0,0.0,0.0,0,13,33,7,0,224
5343,23,23,0.0,96929,31.2,5.5,23:59:50,0.0,0.0,0.0,0,7,32,3,0,216
5343,24,24,0.0,96929,31.2,5.5,23:59:51,0.0,0.0,0.0,0,18,38,1,0,203
5343,25,25,0.0,96930,31.4,5.5,23:59:51,0.0,0.0,0.0,0,19,32,0,0,194
5343,26,26,0.0,96930,31.3,5.5,23:59:52,0.0,0.0,0.0,0,24,32,0,0,190
5343,27,27,0.0,96930,31.4,5.5,23:59:53,0.0,0.0,0.0,0,26,32,0,0,188
5343,28,28,0.1,96929,31.4,5.5,23:59:54,0.0,0.0,0.0,0,18,34,0,0,190
5343,29,29,0.0,96931,31.5,5.5,23:59:55,0.0,0.0,0.0,0,25,34,0,0,190
5343,30,30,0.0,96930,31.6,5.5,23:59:56,0.0,0.0,0.0,0,24,30,0,0,182
5343,31,31,0.0,96930,31.6,5.5,23:59:57,0.0,0.0,0.0,0,25,33,0,0,191
5343,32,32,0.1,96932,31.7,5.5,23:59:58,0.0,0.0,0.0,0,21,36,0,0,190
5343,33,33,0.2,96933,31.7,5.5,23:59:59,0.0,0.0,0.0,0,13,33,0,0,195
5343,34,34,0.1,96932,31.7,5.5,00:00:00,0.0,0.0,0.0,0,5,28,0,0,213
5343,35,35,0.0,96930,31.8,5.5,00:00:01,0.0,0.0,0.0,0,-12,27,0,0,226
5343,36,36,0.1,96929,31.9,5.5,00:00:02,0.0,0.0,0.0,0,0,20,0,0,221
5343,37,37,0.1,96929,31.9,5.5,00:00:03,0.0,0.0,0.0,0,-5,18,0,0,226
5343,38,38,0.1,96928,32.0,5.5,00:00:04,0.0,0.0,0.0,0,-12,26,0,0,222
5343,39,39,0.1,96928,32.0,5.5,00:00:05,0.0,0.0,0.0,0,-11,22,0,0,209
5343,40,40,0.2,96928,32.1,5.5,00:00:06,0.0,0.0,0.0,0,-16,20,0,0,215
5343,41,41,0.0,96931,32.1,5.5,00:00:07,0.0,0.0,0.0,0,-14,23,0,0,215
5343,42,42,0.1,96929,32.1,5.5,00:00:08,0.0,0.0,0.0,0,-15,21,0,0,212
5343,43,43,0.2,96928,32.1,5.5,00:00:09,0.0,0.0,0.0,0,-13,21,0,0,210
5343,44,44,0.2,96928,32.2,5.5,00:00:10,0.0,0.0,0.0,0,-13,20,0,0,209
5343,45,45,0.2,96928,32.2,5.5,00:00:11,0.0,0.0,0.0,0,-8,21,0,0,207
5343,46,46,0.2,96928,32.2,5.5,00:00:12,0.0,0.0,0.0,0,-8,21,90,0,207
5343,47,47,0.0,96930,32.3,5.5,00:00:13,0.0,0.0,0.0,0,-8,20,45,0,206
5343,48,48,0.2,96928,32.3,5.5,00:00:14,0.0,0.0,0.0,0,-14,15,22,0,208
5343,49,49,0.1,96929,32.3,5.5,00:00:15,0.0,0.0,0.0,0,1,32,11,0,205
5343,50,50,0.3,96926,32.4,5.5,00:00:16,0.0,0.0,0.0,0,-2,45,5,0,234
5343,51,51,0.3,96927,32.5,5.5,00:00:17,0.0,0.0,0.0,0,14,45,2,0,223
5343,52,52,0.2,96928,31.4,5.5,23:59:43,0.0,0.0,0.0,0,-38,-12,0,0,325
5343,53,53,0.3,96927,31.4,5.5,23:59:43,0.0,0.0,0.0,0,-38,-12,90,0,325
5343,54,54,0.4,96926,31.4,5.5,23:59:44,0.0,0.0,0.0,0,-38,-12,45,0,325
5343,55,55,0.2,96928,31.5,5.5,23:59:45,0.0,0.0,0.0,0,88,7,22,0,297
5343,56,56,0.4,96926,31.5,5.5,23:59:46,0.0,0.0,0.0,0,-8,7,11,0,307
5343,57,57,0.5,96925,31.5,5.5,23:59:47,0.0,0.0,0.0,0,-48,1,5,0,315
5343,58,58,0.7,96923,31.5,5.4,23:59:48,0.0,0.0,0.0,0,-55,0,2,0,317
5343,59,59,0.7,96922,31.5,5.5,23:59:49,0.0,0.0,0.0,0,-50,9,1,0,312
5343,60,60,0.7,96922,31.4,5.5,23:59:50,0.0,0.0,0.0,0,-55,16,0,0,310
5343,61,61,0.6,96923,31.4,5.5,23:59:51,0.0,0.0,0.0,0,-77,-21,0,0,320
5343,62,62,0.5,96924,31.3,5.5,23:59:52,0.0,0.0,0.0,0,77,-38,0,0,318
5343,63,63,0.5,96924,31.2,5.5,23:59:53,0.0,0.0,0.0,0,68,-27,0,0,243
5343,64,64,0.7,96922,31.2,5.4,23:59:54,0.0,0.0,0.0,0,78,-44,0,0,233
5343,65,65,0.6,96923,31.2,5.5,23:59:55,0.0,0.0,0.0,0,72,-34,0,0,239
5343,66,66,0.8,96921,31.2,5.4,23:59:56,0.0,0.0,0.0,0,81,-45,0,0,233
5343,67,67,0.7,96922,31.2,5.5,23:59:57,0.0,0.0,0.0,0,84,-35,0,0,237
5343,68,68,0.6,96923,31.2,5.5,23:59:58,0.0,0.0,0.0,0,89,-31,120,0,240
5343,69,69,0.4,96926,31.2,5.5,23:59:59,0.0,0.0,0.0,0,80,-13,60,0,247
5343,70,70,0.3,96927,31.2,5.4,00:00:00,0.0,0.0,0.0,0,85,13,30,0,225
5343,71,71,0.1,96928,31.3,5.5,00:00:01,0.0,0.0,0.0,0,75,18,15,0,237
5343,72,72,0.2,96927,31.3,5.5,00:00:02,0.0,0.0,0.0,0,-44,12,7,0,244
5343,73,73,0.2,96928,31.4,5.4,00:00:03,0.0,0.0,0.0,0,5,3,93,0,232
5343,74,74,0.2,96927,31.4,5.4,00:00:04,0.0,0.0,0.0,0,8,13,46,0,232
5343,75,75,0.3,96927,31.5,5.5,00:00:05,0.0,0.0,0.0,0,72,13,23,0,235
5343,76,76,0.3,96927,31.6,5.5,00:00:06,0.0,0.0,0.0,0,-2,11,11,0,240
5343,77,77,0.3,96926,31.7,5.4,00:00:07,0.0,0.0,0.0,0,-23,13,5,0,241
5343,78,78,0.5,96924,31.7,5.5,00:00:08,0.0,0.0,0.0,0,-19,19,2,0,244
5343,79,79,0.4,96925,31.9,5.5,00:00:09,0.0,0.0,0.0,0,-36,7,1,0,245
5343,80,80,0.3,96927,31.9,5.5,00:00:10,0.0,0.0,0.0,0,-40,0,0,0,245
5343,81,81,0.4,96926,31.9,5.5,00:00:11,0.0,0.0,0.0,0,-37,-9,0,0,244
5343,82,82,0.4,96926,31.9,5.4,00:00:12,0.0,0.0,0.0,0,-20,8,0,0,237
5343,83,83,0.5,96925,31.9,5.5,00:00:13,0.0,0.0,0.0,0,-19,-33,0,0,249
5343,84,84,0.6,96923,31.9,4.5,00:00:14,0.0,0.0,0.0,0,11,-20,0,0,223
5343,85,85,0.7,96922,31.9,4.2,00:00:14,0.0,0.0,0.0,0,-12,-9,0,0,234
5343,86,86,0.6,96923,32.1,4.2,00:00:15,0.0,0.0,0.0,0,-35,-34,0,0,247
5343,87,87,0.4,96925,31.9,4.3,00:00:16,0.0,0.0,0.0,0,-42,-82,0,0,255
5343,88,88,0.4,96926,32.0,4.3,00:00:17,0.0,0.0,0.0,0,-45,-78,0,0,253
5343,89,89,0.5,96925,32.1,5.4,00:00:18,0.0,0.0,0.0,0,-39,-76,0,0,253
5343,90,90,0.6,96923,32.2,5.4,00:00:19,0.0,0.0,0.0,0,-3,-103,0,0,254
5343,91,91,0.5,96925,32.1,4.5,00:00:20,0.0,0.0,0.0,0,-11,-89,0,0,248
5343,92,92,0.5,96925,32.2,5.4,00:00:21,0.0,0.0,0.0,0,6,-28,0,0,233
5343,93,93,0.4,96926,32.2,5.4,00:00:22,0.0,0.0,0.0,0,-10,-47,0,0,234
5343,94,94,0.5,96925,32.1,5.4,00:00:23,0.0,0.0,0.0,0,-27,-50,0,0,248
5343,95,95,0.8,96921,32.1,5.4,00:00:24,0.0,0.0,0.0,0,-61,-55,0,0,261
5343,96,96,0.7,96922,32.2,5.4,00:00:25,0.0,0.0,0.0,0,-31,-43,0,0,241
5343,97,97,0.5,96924,32.2,5.4,00:00:26,0.0,0.0,0.0,0,1,-30,0,0,222
5343,98,98,0.5,96924,32.2,5.4,00:00:27,0.0,0.0,0.0,0,-24,-45,0,0,246
5343,99,99,0.5,96925,32.3,5.4,00:00:28,0.0,0.0,0.0,0,-23,-52,0,0,250
5343,100,100,0.5,96924,32.2,5.4,00:00:29,0.0,0.0,0.0,0,23,-66,0,0,233
5343,101,101,0.7,96923,32.3,5.4,00:00:30,0.0,0.0,0.0,0,29,-73,0,0,234
5343,102,102,0.5,96924,32.3,5.4,00:00:31,0.0,0.0,0.0,0,25,-65,0,0,237
5343,103,103,0.8,96921,32.3,4.5,00:00:32,0.0,0.0,0.0,0,-8,-79,0,0,252
5343,104,104,0.5,96925,32.3,5.4,00:00:33,0.0,0.0,0.0,0,-19,-57,0,0,255
5343,105,105,0.5,96925,32.3,5.4,00:00:34,0.0,0.0,0.0,0,-26,-46,0,0,263
5343,106,106,0.6,96924,32.3,5.4,00:00:35,0.0,0.0,0.0,0,9,-53,0,0,226
5343,107,107,0.6,96923,32.3,5.4,00:00:36,0.0,0.0,0.0,0,29,-81,0,0,202
5343,108,108,0.4,96926,32.3,5.4,00:00:37,0.0,0.0,0.0,0,-43,-31,0,0,266
5343,109,109,0.7,96923,32.3,5.4,00:00:38,0.0,0.0,0.0,0,-77,-41,0,0,284
5343,110,110,0.4,96925,32.3,5.4,00:00:39,0.0,0.0,0.0,0,-62,-42,0,0,276
5343,111,111,0.8,96921,32.3,5.4,00:00:40,0.0,0.0,0.0,0,-60,-37,0,0,265
5343,112,112,0.8,96921,32.3,5.4,00:00:41,0.0,0.0,0.0,0,-68,-44,0,0,265
5343,113,113,0.7,96922,32.4,5.4,00:00:42,0.0,0.0,0.0,0,-11,-41,0,0,222
5343,114,114,0.6,96924,32.4,5.4,00:00:43,0.0,0.0,0.0,0,-18,-37,0,0,226
5343,115,115,0.7,96923,32.5,5.4,00:00:44,0.0,0.0,0.0,0,-61,-38,0,0,249
5343,116,116,0.6,96923,32.4,5.4,00:00:45,0.0,0.0,0.0,0,-73,-41,0,0,246
5343,117,117,0.7,96923,32.4,5.4,00:00:45,0.0,0.0,0.0,0,-61,-48,0,0,248
5343,118,118,1.2,96917,32.3,5.4,00:00:46,0.0,0.0,0.0,0,-55,-28,0,0,178
5343,119,119,0.9,96920,32.3,5.4,00:00:47,0.0,0.0,0.0,0,-38,-29,0,0,138
5343,1,1,0.5,96922,32.2,5.4,00:00:52,0.0,0.0,0.0,0,0,0,0,0,188
5343,2,2,0.4,96921,32.3,5.4,00:00:53,0.0,0.0,0.0,0,1,2,0,0,189
5343,3,3,0.3,96921,32.3,5.4,00:00:54,0.0,0.0,0.0,0,1,2,0,0,191
5343,4,4,0.4,96922,32.3,5.4,00:00:55,0.0,0.0,0.0,0,1,2,0,0,194
5343,5,5,0.3,96920,32.3,5.4,00:00:56,0.0,0.0,0.0,0,1,2,0,0,194
5343,6,6,0.2,96919,32.4,5.4,00:00:57,0.0,0.0,0.0,0,1,2,0,0,194
5343,7,7,0.3,96921,32.4,5.4,00:00:58,0.0,0.0,0.0,0,1,2,0,0,194
5343,8,8,0.1,96919,32.4,5.4,00:00:59,0.0,0.0,0.0,0,1,2,0,0,194
5343,9,9,0.3,96920,32.5,5.4,00:01:00,0.0,0.0,0.0,0,1,2,0,0,194
5343,10,10,0.3,96920,32.4,5.4,00:01:01,0.0,0.0,0.0,0,2,2,0,0,193
5343,11,11,0.3,96920,32.5,5.4,00:01:01,0.0,0.0,0.0,0,2,2,0,0,188
5343,12,12,0.4,96921,32.5,5.4,00:01:02,0.0,0.0,0.0,0,2,2,0,0,187
5343,13,13,0.2,96920,32.5,5.4,00:01:03,0.0,0.0,0.0,0,2,2,0,0,187
5343,14,14,0.3,96920,32.5,5.4,00:01:04,0.0,0.0,0.0,0,2,2,0,0,187
5343,15,15,0.4,96921,32.5,5.4,00:01:05,0.0,0.0,0.0,0,2,2,0,0,187
5343,16,16,0.5,96923,32.6,5.4,00:01:06,0.0,0.0,0.0,0,2,2,0,0,187
5343,17,17,0.4,96921,32.6,5.4,00:01:08,0.0,0.0,0.0,0,2,2,0,0,187
5343,18,18,0.4,96922,32.6,5.4,00:01:09,0.0,0.0,0.0,0,2,2,0,0,187
5343,19,19,0.4,96922,32.6,5.4,15:26:56,0.0,0.0,0.0,0,2,2,0,0,187
5343,20,20,0.3,96920,32.6,5.4,15:26:57,0.0,0.0,0.0,0,2,2,0,0,187
5343,21,21,0.3,96920,32.6,5.4,15:26:58,0.0,0.0,0.0,0,2,2,0,0,185
5343,22,22,0.0,96918,32.6,5.4,15:26:59,0.0,0.0,0.0,0,-10,-8,0,0,208
5343,23,23,0.0,96916,32.6,5.4,15:27:00,0.0,0.0,0.0,0,-23,-15,0,0,203
5343,24,24,0.2,96914,32.8,5.4,15:27:01,0.0,0.0,0.0,0,-23,-18,0,0,201
5343,25,25,0.1,96915,32.6,5.4,15:27:02,0.0,0.0,0.0,0,-2,-1,0,0,213
5343,26,26,0.1,96915,32.6,5.4,15:27:03,0.0,0.0,0.0,0,-16,-6,0,0,214
5343,27,27,0.0,96916,32.6,5.4,15:27:04,0.0,0.0,0.0,0,-6,6,0,0,244
5343,28,28,0.2,96914,32.6,5.4,15:27:05,0.0,0.0,0.0,0,-3,73,0,0,321
5343,29,29,0.1,96915,32.6,5.4,15:27:06,0.0,0.0,0.0,0,19,49,0,0,284
5343,30,30,0.1,96915,32.7,5.4,15:27:07,0.0,0.0,0.0,0,32,23,0,0,242
5343,31,31,0.1,96915,32.7,5.4,15:27:08,0.0,0.0,0.0,0,30,9,0,0,216
5343,32,32,0.2,96914,32.8,5.4,15:27:09,0.0,0.0,0.0,0,28,10,0,0,217
5343,33,33,0.2,96913,32.8,5.4,15:27:10,0.0,0.0,0.0,0,12,39,0,0,262
5343,34,34,0.2,96919,32.8,5.4,15:27:11,0.0,0.0,0.0,0,1,-5,0,0,178
5343,35,35,0.3,96920,32.8,5.4,15:27:11,0.0,0.0,0.0,0,2,3,0,0,193
5343,36,36,0.3,96920,32.8,5.4,15:27:12,0.0,0.0,0.0,0,2,3,0,0,209
5343,37,37,0.4,96921,32.8,5.4,15:27:13,0.0,0.0,0.0,0,2,3,0,0,214
5343,38,38,0.3,96920,32.8,5.4,15:27:14,0.0,0.0,0.0,0,-1,2,0,0,221
5343,39,39,0.1,96918,32.8,5.4,15:27:15,0.0,0.0,0.0,0,7,9,0,0,213
5343,40,40,0.1,96918,32.8,5.4,15:27:16,0.0,0.0,0.0,0,-14,8,0,0,204
5343,41,41,0.2,96919,32.8,5.4,15:27:17,0.0,0.0,0.0,0,-15,10,0,0,202
5343,42,42,0.0,96917,32.8,5.4,15:27:18,0.0,0.0,0.0,0,6,14,0,0,183
5343,43,43,0.1,96915,32.8,5.4,15:27:19,0.0,0.0,0.0,0,14,4,0,0,114
5343,44,44,0.0,96916,32.8,5.4,15:27:20,0.0,0.0,0.0,0,-2,20,0,0,190
5343,45,45,0.2,96914,32.8,5.4,15:27:21,0.0,0.0,0.0,0,19,12,0,0,123
5343,46,46,0.1,96915,32.8,5.5,15:27:22,0.0,0.0,0.0,0,18,19,0,0,149
5343,47,47,0.0,96916,32.8,5.4,15:27:23,0.0,0.0,0.0,0,12,26,0,0,167
5343,48,48,0.1,96915,32.8,5.4,15:27:24,0.0,0.0,0.0,0,7,35,0,0,163
5343,49,49,0.0,96917,32.8,5.4,15:27:25,0.0,0.0,0.0,0,11,33,0,0,140
5343,50,50,0.0,96917,32.8,5.4,15:27:26,0.0,0.0,0.0,0,1,17,0,0,130
5343,51,51,0.0,96917,32.8,5.4,15:27:27,0.0,0.0,0.0,0,9,1,0,0,115
5343,52,52,0.2,96919,32.7,5.4,15:27:28,0.0,0.0,0.0,0,8,3,0,0,162
5343,53,53,0.5,96923,32.8,5.4,15:27:29,0.0,0.0,0.0,0,3,-4,0,0,158
5343,54,54,0.6,96923,32.7,5.4,15:27:30,0.0,0.0,0.0,0,10,-11,0,0,162
5343,55,55,0.5,96923,32.9,5.4,15:27:31,0.0,0.0,0.0,0,10,-8,0,0,167
5343,56,56,0.4,96921,32.9,5.4,15:27:32,0.0,0.0,0.0,0,10,-9,0,0,166
5343,57,57,0.6,96923,32.9,5.4,15:27:33,0.0,0.0,0.0,0,12,-9,0,0,166
5343,58,58,0.5,96923,32.9,5.4,15:27:34,0.0,0.0,0.0,0,11,-12,0,0,163
5343,59,59,0.6,96923,33.0,5.4,15:27:35,0.0,0.0,0.0,0,11,-11,0,0,161
5343,60,60,0.4,96921,33.0,5.4,15:27:36,0.0,0.0,0.0,0,13,-13,0,0,158
5343,61,61,0.4,96921,33.0,5.4,15:27:37,0.0,0.0,0.0,0,11,-11,0,0,158
5343,62,62,0.5,96922,33.1,5.4,15:27:38,0.0,0.0,0.0,0,12,-10,0,0,159
5343,63,63,0.2,96920,33.1,5.4,15:27:39,0.0,0.0,0.0,0,13,-10,0,0,159
5343,64,64,0.3,96920,33.1,5.4,15:27:40,0.0,0.0,0.0,0,15,-17,0,0,146
5343,65,65,0.4,96922,33.1,5.4,15:27:41,0.0,0.0,0.0,0,12,-11,0,0,157
5343,66,66,0.3,96920,33.1,5.4,15:27:42,0.0,0.0,0.0,0,7,-4,0,0,163
5343,67,67,0.3,96920,33.2,5.4,15:27:42,0.0,0.0,0.0,0,0,-14,0,0,130
5343,68,68,0.4,96922,33.1,5.4,15:27:43,0.0,0.0,0.0,0,-2,10,0,0,104
5343,69,69,0.4,96922,33.1,5.4,15:27:44,0.0,0.0,0.0,0,-13,4,0,0,64
5343,70,70,0.6,96923,33.2,5.4,15:27:45,0.0,0.0,0.0,0,-8,15,0,0,82
5343,71,71,0.6,96923,33.1,5.4,15:27:46,0.0,0.0,0.0,0,-6,18,0,0,87
5343,72,72,0.9,96927,33.3,5.4,15:27:47,0.0,0.0,0.0,0,-3,15,0,0,79
5343,73,73,0.7,96924,33.2,5.4,15:27:48,0.0,0.0,0.0,0,-6,13,0,0,77
5343,74,74,0.7,96925,33.3,5.4,15:27:49,0.0,0.0,0.0,0,5,12,0,0,92
5343,75,75,0.8,96926,33.3,5.4,15:27:50,0.0,0.0,0.0,0,4,3,0,0,85
5343,76,76,0.8,96926,33.3,5.4,15:27:51,0.0,0.0,0.0,0,-6,-2,0,0,97
5343,77,77,0.7,96925,33.3,5.4,15:27:52,0.0,0.0,0.0,0,1,0,0,0,118
5343,78,78,0.8,96926,33.3,5.5,15:27:53,0.0,0.0,0.0,0,7,0,0,0,130
5343,79,79,0.8,96926,33.3,5.4,15:27:54,0.0,0.0,0.0,0,4,0,0,0,131
5343,80,80,0.9,96927,33.3,5.4,15:27:55,0.0,0.0,0.0,0,-14,6,0,0,139
5343,81,81,0.7,96925,33.3,5.4,15:27:56,0.0,0.0,0.0,0,-2,14,0,0,142
5343,82,82,0.5,96922,33.3,5.4,15:27:57,0.0,0.0,0.0,0,-1,11,0,0,139
5343,83,83,0.5,96922,33.4,5.4,15:27:58,0.0,0.0,0.0,0,-8,12,0,0,138
5343,84,84,0.5,96922,33.4,5.4,15:27:59,0.0,0.0,0.0,0,0,13,0,0,138
5343,85,85,0.4,96921,33.4,5.4,15:28:00,0.0,0.0,0.0,0,0,11,0,0,137
5343,86,86,0.5,96922,33.4,5.4,15:28:01,0.0,0.0,0.0,0,1,13,0,0,138
5343,87,87,0.4,96921,33.4,5.4,15:28:02,0.0,0.0,0.0,0,1,12,0,0,138
5343,88,88,0.4,96922,33.5,5.4,15:28:03,0.0,0.0,0.0,0,2,11,0,0,137
5343,89,89,0.4,96922,33.5,5.4,15:28:04,0.0,0.0,0.0,0,1,3,0,0,138
5343,90,90,0.5,96922,33.4,5.4,15:28:05,0.0,0.0,0.0,0,1,12,0,0,139
5343,91,91,0.4,96922,33.5,5.4,15:28:06,0.0,0.0,0.0,0,1,4,0,0,140
5343,92,92,0.6,96923,33.5,5.4,15:28:07,0.0,0.0,0.0,0,0,15,0,0,140
5343,93,93,0.4,96921,33.5,5.4,15:28:08,0.0,0.0,0.0,0,0,14,0,0,140
5343,94,94,0.7,96925,33.5,5.4,15:28:09,0.0,0.0,0.0,0,2,7,0,0,135
5343,95,95,0.6,96923,33.5,5.4,15:28:10,0.0,0.0,0.0,0,-12,6,0,0,121
5343,96,96,0.7,96925,33.5,5.4,15:28:11,0.0,0.0,0.0,0,-12,5,0,0,128
5343,97,97,0.6,96924,33.5,5.4,15:28:12,0.0,0.0,0.0,0,-12,1,0,0,127
5343,98,98,0.7,96925,33.6,5.4,15:28:13,0.0,0.0,0.0,0,-17,1,0,0,130
5343,99,99,0.5,96923,33.5,5.4,15:28:14,0.0,0.0,0.0,0,-21,6,0,0,134
5343,100,100,0.6,96923,33.5,5.4,15:28:15,0.0,0.0,0.0,0,-18,6,0,0,134
5343,101,101,0.7,96925,33.5,5.4,15:28:15,0.0,0.0,0.0,0,-17,5,0,0,131
5343,102,102,0.6,96924,33.5,5.4,15:28:16,0.0,0.0,0.0,0,-11,0,0,0,104
5343,103,103,0.7,96925,33.5,5.4,15:28:17,0.0,0.0,0.0,0,-10,-5,0,0,100
5343,104,104,0.6,96924,33.5,5.4,15:28:18,0.0,0.0,0.0,0,-9,-3,0,0,119
5343,105,105,0.1,96918,33.5,5.4,15:28:19,0.0,0.0,0.0,0,-15,0,0,0,63
5343,106,106,0.5,96922,33.6,5.4,15:28:20,0.0,0.0,0.0,0,-23,3,0,0,32
5343,107,107,0.5,96923,33.6,5.4,15:28:21,0.0,0.0,0.0,0,0,4,0,0,344
5343,108,108,0.6,96923,33.6,5.4,15:28:22,0.0,0.0,0.0,0,2,11,0,0,359
5343,109,109,0.4,96921,33.6,5.4,15:28:23,0.0,0.0,0.0,0,1,11,0,0,343
5343,110,110,0.2,96920,33.6,5.4,15:28:24,0.0,0.0,0.0,0,0,6,0,0,340
5343,111,111,0.2,96919,33.6,5.4,15:28:25,0.0,0.0,0.0,0,0,6,0,0,344
5343,112,112,0.2,96920,33.6,5.4,15:28:26,0.0,0.0,0.0,0,-7,7,0,0,345
5343,113,113,0.1,96919,33.6,5.4,15:28:27,0.0,0.0,0.0,0,0,4,0,0,351
5343,114,114,0.1,96918,33.7,5.4,15:28:28,0.0,0.0,0.0,0,2,5,0,0,352
5343,115,115,0.1,96918,33.6,5.4,15:28:29,0.0,0.0,0.0,0,4,10,0,0,342
5343,116,116,0.2,96919,33.7,5.4,15:28:30,0.0,0.0,0.0,0,7,5,0,0,343
5343,117,117,0.1,96918,33.7,5.4,15:28:31,0.0,0.0,0.0,0,0,4,0,0,343
5343,118,118,0.1,96918,33.7,5.4,15:28:32,0.0,0.0,0.0,0,4,2,0,0,331
5343,119,119,0.1,96918,33.7,5.4,15:28:33,0.0,0.0,0.0,0,3,-7,0,0,325
5343,120,120,0.1,96915,33.6,5.4,15:28:34,0.0,0.0,0.0,0,6,-3,0,0,260
5343,121,121,0.3,96913,33.6,5.4,15:28:35,0.0,0.0,0.0,0,0,-2,0,0,162
5343,122,122,0.4,96912,33.6,5.4,15:28:36,0.0,0.0,0.0,0,4,3,0,0,94
5343,123,123,0.2,96914,33.6,5.4,15:28:37,0.0,0.0,0.0,0,0,-3,0,0,77
5343,124,124,0.1,96915,33.6,5.4,15:28:38,0.0,0.0,0.0,0,1,1,0,0,91
5343,125,125,0.0,96917,33.6,5.4,15:28:39,0.0,0.0,0.0,0,1,2,0,0,94
5343,126,126,0.2,96919,33.6,5.4,15:28:40,0.0,0.0,0.0,0,1,2,0,0,94
5343,127,127,0.3,96920,33.6,5.4,15:28:41,0.0,0.0,0.0,0,1,2,0,0,94
5343,128,128,0.1,96918,33.7,5.4,15:28:42,0.0,0.0,0.0,0,1,2,0,0,94
5343,129,129,0.3,96920,33.7,5.4,15:28:42,0.0,0.0,0.0,0,1,2,0,0,94
5343,130,130,0.1,96919,33.8,5.4,15:28:43,0.0,0.0,0.0,0,1,2,0,0,94
5343,131,131,0.2,96919,33.7,5.4,15:28:44,0.0,0.0,0.0,0,1,2,0,0,94
5343,132,132,0.0,96918,33.8,5.4,15:28:45,0.0,0.0,0.0,0,1,2,0,0,94
5343,133,133,0.2,96920,33.7,5.4,15:28:46,0.0,0.0,0.0,0,1,2,0,0,94
5343,134,134,0.0,96917,33.8,5.4,15:28:47,0.0,0.0,0.0,0,1,2,0,0,94
5343,135,135,0.1,96918,33.8,5.4,15:28:48,0.0,0.0,0.0,0,1,2,0,0,94
5343,136,136,0.1,96918,33.8,5.4,15:28:49,0.0,0.0,0.0,0,1,2,0,0,94
5343,137,137,0.1,96918,33.8,5.4,15:28:50,0.0,0.0,0.0,0,1,2,0,0,94
5343,138,138,0.0,96917,33.8,5.4,15:28:51,0.0,0.0,0.0,0,2,2,0,0,94
5343,139,139,0.1,96918,33.8,5.4,15:28:52,0.0,0.0,0.0,0,2,2,0,0,94
5343,140,140,0.2,96919,33.8,5.4,15:28:53,0.0,0.0,0.0,0,2,2,0,0,94
5343,141,141,0.1,96918,33.9,5.4,15:28:54,0.0,0.0,0.0,0,2,2,0,0,94
5343,142,142,0.0,96917,33.9,5.4,15:28:55,0.0,0.0,0.0,0,2,2,0,0,94
5343,143,143,0.0,96917,33.8,5.4,15:28:56,0.0,0.0,0.0,0,2,2,0,0,94
5343,144,144,0.0,96917,33.9,5.4,15:28:57,0.0,0.0,0.0,0,2,2,0,0,94
5343,145,145,0.1,96918,33.9,5.4,15:28:58,0.0,0.0,0.0,0,2,2,0,0,94
5343,146,146,0.4,96912,33.9,5.4,15:28:59,0.0,0.0,0.0,0,2,2,0,0,95
5343,147,147,0.7,96909,33.9,5.4,15:29:00,0.0,0.0,0.0,0,2,2,0,0,97
5343,148,148,0.5,96911,33.9,5.4,15:29:01,0.0,0.0,0.0,0,2,2,0,0,97
5343,149,149,0.7,96909,33.9,5.4,15:29:02,0.0,0.0,0.0,0,2,2,0,0,97
5343,150,150,0.6,96910,33.9,5.4,15:29:03,0.0,0.0,0.0,0,2,2,0,0,97
5343,151,151,0.1,96915,33.9,5.4,15:29:04,0.0,0.0,0.0,0,2,2,0,0,97
5343,152,152,0.1,96915,33.9,5.4,15:29:05,0.0,0.0,0.0,0,2,2,0,0,97
5343,153,153,0.1,96915,33.9,5.4,15:29:06,0.0,0.0,0.0,0,2,2,0,0,97
5343,154,154,0.0,96916,33.9,5.4,15:29:07,0.0,0.0,0.0,0,2,2,0,0,97
5343,155,155,0.2,96914,34.0,5.4,15:29:08,0.0,0.0,0.0,0,2,2,0,0,96
5343,156,156,0.1,96914,33.9,5.4,15:29:09,0.0,0.0,0.0,0,2,2,0,0,96
5343,157,157,0.2,96914,34.0,5.4,15:29:10,0.0,0.0,0.0,0,2,2,0,0,96
5343,158,158,0.2,96914,34.0,5.4,15:29:11,0.0,0.0,0.0,0,2,2,0,0,97
5343,159,159,0.2,96914,34.0,5.4,15:29:12,0.0,0.0,0.0,0,2,2,0,0,97
5343,160,160,0.0,96916,34.0,5.4,15:29:13,0.0,0.0,0.0,0,2,2,0,0,97
5343,161,161,0.2,96914,34.0,5.4,15:29:14,0.0,0.0,0.0,0,2,3,0,0,97
5343,162,162,0.0,96916,34.0,5.4,15:29:15,0.0,0.0,0.0,0,2,3,0,0,97
5343,163,163,0.1,96915,34.0,5.4,15:29:16,0.0,0.0,0.0,0,2,3,0,0,97
5343,164,164,0.1,96915,34.0,5.4,15:29:17,0.0,0.0,0.0,0,2,3,0,0,97
5343,165,165,0.2,96914,34.0,5.4,15:29:18,0.0,0.0,0.0,0,2,3,0,0,97
5343,166,166,0.2,96914,34.0,5.4,15:29:18,0.0,0.0,0.0,0,2,3,0,0,97
5343,167,167,0.1,96915,34.0,5.4,15:29:19,0.0,0.0,0.0,0,2,3,0,0,97
5343,168,168,0.2,96914,34.0,5.4,15:29:20,0.0,0.0,0.0,0,2,2,0,0,97
5343,169,169,0.0,96917,34.0,5.4,15:29:21,0.0,0.0,0.0,0,2,2,0,0,97
5343,170,170,0.2,96914,34.1,5.4,15:29:22,0.0,0.0,0.0,0,2,3,0,0,97
5343,171,171,0.0,96917,34.1,5.4,15:29:23,0.0,0.0,0.0,0,2,3,0,0,97
5343,172,172,0.0,96917,34.1,5.4,15:29:24,0.0,0.0,0.0,0,2,3,0,0,97
5343,173,173,0.1,96915,34.1,5.4,15:29:25,0.0,0.0,0.0,0,2,3,0,0,97
5343,174,174,0.1,96915,34.1,5.4,15:29:26,0.0,0.0,0.0,0,2,3,0,0,97
5343,175,175,0.2,96914,34.1,5.4,15:29:27,0.0,0.0,0.0,0,1,3,0,0,96
5343,176,176,0.0,96916,34.1,5.4,15:29:28,0.0,0.0,0.0,0,2,3,0,0,96
5343,177,177,0.1,96915,34.1,5.4,15:29:29,0.0,0.0,0.0,0,2,3,0,0,96
5343,178,178,0.0,96917,34.1,5.4,15:29:30,0.0,0.0,0.0,0,2,3,0,0,96
5343,179,179,0.0,96917,34.1,5.4,15:29:31,0.0,0.0,0.0,0,2,3,0,0,96
5343,180,180,0.1,96918,34.1,5.4,15:29:32,0.0,0.0,0.0,0,2,3,0,0,96
5343,181,181,0.1,96919,34.1,5.4,15:29:33,0.0,0.0,0.0,0,2,3,0,0,96
5343,182,182,0.1,96918,34.1,5.4,15:29:34,0.0,0.0,0.0,0,2,3,0,0,96
5343,183,183,0.1,96918,34.1,5.4,15:29:35,0.0,0.0,0.0,0,2,3,0,0,96
5343,184,184,0.1,96919,34.2,5.4,15:29:36,0.0,0.0,0.0,0,2,3,0,0,96
5343,185,185,0.0,96917,34.1,5.4,15:29:37,0.0,0.0,0.0,0,2,3,0,0,96
5343,186,186,0.1,96918,34.2,5.4,15:29:38,0.0,0.0,0.0,0,2,3,0,0,96
5343,187,187,0.1,96915,34.1,5.4,15:29:39,0.0,0.0,0.0,0,2,3,0,0,96
5343,188,188,0.2,96914,34.1,5.4,15:29:40,0.0,0.0,0.0,0,2,3,0,0,96
5343,189,189,0.0,96917,34.1,5.4,15:29:41,0.0,0.0,0.0,0,2,3,0,0,96
5343,190,190,0.0,96916,34.2,5.4,15:29:42,0.0,0.0,0.0,0,2,3,0,0,96
5343,191,191,0.0,96916,34.2,5.4,15:29:43,0.0,0.0,0.0,0,2,3,0,0,96
5343,192,192,0.0,96916,34.2,5.4,15:29:44,0.0,0.0,0.0,0,2,3,0,0,96
5343,193,193,0.0,96917,34.2,5.4,15:29:45,0.0,0.0,0.0,0,2,3,0,0,96
5343,194,194,0.0,96916,34.2,5.4,15:29:45,0.0,0.0,0.0,0,2,3,0,0,96
5343,195,195,0.2,96919,34.2,5.4,15:29:46,0.0,0.0,0.0,0,2,3,0,0,96
5343,196,196,0.1,96918,34.3,5.4,15:29:48,0.0,0.0,0.0,0,2,3,0,0,96
5343,197,197,0.1,96918,34.2,5.4,15:29:49,0.0,0.0,0.0,0,2,3,0,0,96
5343,198,198,0.2,96919,34.2,5.4,15:29:50,0.0,0.0,0.0,0,2,3,0,0,96
5343,199,199,0.1,96918,34.2,5.4,15:29:51,0.0,0.0,0.0,0,2,3,0,0,96
5343,200,200,0.0,96917,34.2,5.4,15:29:52,0.0,0.0,0.0,0,2,3,0,0,96
5343,201,201,0.0,96917,34.2,5.4,15:29:52,0.0,0.0,0.0,0,2,3,0,0,85
5343,202,202,0.0,96916,34.3,5.4,15:29:53,0.0,0.0,0.0,0,2,3,0,0,86
5343,203,203,0.1,96915,34.3,5.4,15:29:54,0.0,0.0,0.0,0,2,3,0,0,87
5343,204,204,0.0,96917,34.2,5.4,15:29:55,0.0,0.0,0.0,0,2,3,0,0,87
5343,205,205,0.0,96916,34.2,5.4,15:29:56,0.0,0.0,0.0,0,9,1,0,0,42
5343,206,206,0.3,96913,34.2,5.4,15:29:57,0.0,0.0,0.0,0,2,0,0,0,15
5343,207,207,0.3,96912,34.1,5.4,15:29:58,0.0,0.0,0.0,0,2,-1,0,0,24
5343,208,208,0.1,96915,34.2,5.4,15:29:59,0.0,0.0,0.0,0,5,-1,0,0,8
5343,209,209,0.2,96914,34.1,5.4,15:30:00,0.0,0.0,0.0,0,4,0,0,0,2
5343,210,210,0.4,96912,34.1,5.4,15:30:01,0.0,0.0,0.0,0,3,2,0,0,344
5343,211,211,0.4,96911,34.1,5.4,15:30:02,0.0,0.0,0.0,0,-1,0,0,0,332
5343,212,212,0.2,96914,34.0,5.4,15:30:03,0.0,0.0,0.0,0,7,-1,0,0,326
5343,213,213,0.2,96914,34.0,5.4,15:30:04,0.0,0.0,0.0,0,2,1,0,0,343
5343,214,214,0.0,96916,34.0,5.4,15:30:05,0.0,0.0,0.0,0,0,-1,0,0,331
5343,215,215,0.0,96916,34.1,5.4,15:30:06,0.0,0.0,0.0,0,2,-10,0,0,298
5343,216,216,0.1,96915,34.0,5.4,15:30:07,0.0,0.0,0.0,0,-1,6,0,0,339
5343,217,217,0.1,96914,34.0,5.4,15:30:08,0.0,0.0,0.0,0,0,-9,0,0,72
5343,218,218,0.0,96916,34.0,5.4,15:30:09,0.0,0.0,0.0,0,3,-6,0,0,178
5343,219,219,0.1,96919,34.0,5.4,15:30:10,0.0,0.0,0.0,0,3,3,0,0,214
5343,220,220,0.1,96918,34.0,5.4,15:30:11,0.0,0.0,0.0,0,4,2,0,0,187
5343,221,221,0.0,96916,34.0,5.4,15:30:12,0.0,0.0,0.0,0,5,3,0,0,190
5343,222,222,0.0,96918,34.1,5.4,15:30:13,0.0,0.0,0.0,0,4,6,0,0,194
5343,223,223,0.0,96917,34.1,5.4,15:30:14,0.0,0.0,0.0,0,7,2,0,0,189
5343,224,224,0.2,96914,34.1,5.4,15:30:15,0.0,0.0,0.0,0,8,12,0,0,190
5343,225,225,0.1,96915,34.1,5.4,15:30:16,0.0,0.0,0.0,0,12,7,0,0,125
5343,226,226,0.0,96916,34.0,5.4,15:30:17,0.0,0.0,0.0,0,6,4,0,0,39
5343,227,227,0.2,96919,34.0,5.4,15:30:18,0.0,0.0,0.0,0,11,9,0,0,86
5343,228,228,0.1,96915,34.1,5.4,15:30:19,0.0,0.0,0.0,0,9,3,0,0,151
5343,229,229,0.1,96915,34.1,5.4,15:30:20,0.0,0.0,0.0,0,4,-1,0,0,168
5343,230,230,0.1,96915,34.0,5.4,15:30:21,0.0,0.0,0.0,0,-1,3,0,0,166
5343,231,231,0.2,96914,33.9,5.4,15:30:22,0.0,0.0,0.0,0,0,3,0,0,163
5343,232,232,0.1,96915,33.9,5.4,15:30:23,0.0,0.0,0.0,0,0,3,0,0,160
5343,233,233,0.3,96913,34.0,5.4,15:30:24,0.0,0.0,0.0,0,1,3,0,0,160
5343,234,234,0.1,96915,34.1,5.4,15:30:25,0.0,0.0,0.0,0,1,2,0,0,160
5343,235,235,0.1,96915,34.0,5.4,15:30:26,0.0,0.0,0.0,0,1,3,0,0,159
5343,236,236,0.1,96918,34.1,5.4,15:30:26,0.0,0.0,0.0,0,1,3,0,0,159
5343,237,237,0.1,96918,34.1,5.4,15:30:27,0.0,0.0,0.0,0,2,3,0,0,157
5343,238,238,0.1,96919,34.1,5.4,15:30:28,0.0,0.0,0.0,0,3,3,0,0,157
5343,239,239,0.1,96919,34.1,5.4,15:30:29,0.0,0.0,0.0,0,3,4,0,0,155
5343,240,240,0.0,96918,34.2,5.4,15:30:30,0.0,0.0,0.0,0,2,3,0,0,153
5343,241,241,0.0,96917,34.1,5.4,15:30:31,0.0,0.0,0.0,0,2,3,0,0,150
5343,242,242,0.0,96916,34.2,5.4,15:30:32,0.0,0.0,0.0,0,2,3,0,0,151
5343,243,243,0.0,96916,34.3,5.4,15:30:33,0.0,0.0,0.0,0,2,3,0,0,150
5343,244,244,0.0,96916,34.1,5.4,15:30:34,0.0,0.0,0.0,0,2,3,0,0,149
5343,245,245,0.0,96918,34.1,5.4,15:30:35,0.0,0.0,0.0,0,2,3,0,0,148
5343,246,246,0.1,96918,34.2,5.4,15:30:36,0.0,0.0,0.0,0,2,3,0,0,148
5343,247,247,0.0,96917,34.1,5.4,15:30:37,0.0,0.0,0.0,0,2,3,0,0,149
5343,248,248,0.3,96920,34.1,5.4,15:30:38,0.0,0.0,0.0,0,1,4,0,0,149
5343,249,249,0.1,96919,34.1,5.4,15:30:39,0.0,0.0,0.0,0,3,2,0,0,148
5343,250,250,0.2,96919,34.2,5.4,15:30:40,0.0,0.0,0.0,0,3,1,0,0,148
5343,251,251,0.1,96918,34.1,5.4,15:30:41,0.0,0.0,0.0,0,3,2,0,0,148
5343,252,252,0.0,96916,34.2,5.4,15:30:42,0.0,0.0,0.0,0,-2,6,0,0,153
5343,253,253,0.1,96918,34.1,5.4,15:30:43,0.0,0.0,0.0,0,-9,6,0,0,150
5343,254,254,0.0,96916,34.2,5.4,15:30:44,0.0,0.0,0.0,0,-9,6,0,0,150
5343,255,255,0.1,96915,34.2,5.4,15:30:45,0.0,0.0,0.0,0,-1,6,0,0,149
5343,256,256,0.1,96915,34.1,5.4,15:30:46,0.0,0.0,0.0,0,-1,6,0,0,149
5343,257,257,0.1,96915,34.2,5.4,15:30:47,0.0,0.0,0.0,0,-1,6,0,0,149
5343,258,258,0.0,96916,34.2,5.4,15:30:48,0.0,0.0,0.0,0,-1,6,0,0,149
5343,259,259,0.0,96916,34.2,5.4,15:30:49,0.0,0.0,0.0,0,-1,6,0,0,149
5343,260,260,0.0,96916,34.2,5.4,15:30:50,0.0,0.0,0.0,0,-1,6,0,0,149
5343,261,261,0.1,96915,34.2,5.4,15:30:51,0.0,0.0,0.0,0,-1,6,0,0,149
5343,262,262,0.1,96915,34.2,5.4,15:30:52,0.0,0.0,0.0,0,-9,6,0,0,149
5343,263,263,0.3,96913,34.3,5.4,15:30:53,0.0,0.0,0.0,0,-1,6,0,0,149
5343,264,264,0.2,96914,34.3,5.4,15:30:54,0.0,0.0,0.0,0,-1,6,0,0,149
5343,265,265,0.2,96914,34.2,5.4,15:30:55,0.0,0.0,0.0,0,-9,6,0,0,149
5343,266,266,0.0,96916,34.2,5.4,15:30:56,0.0,0.0,0.0,0,-9,6,0,0,149
5343,267,267,0.3,96913,34.2,5.4,15:30:57,0.0,0.0,0.0,0,-1,6,0,0,149
5343,268,268,0.5,96911,34.2,5.4,15:30:58,0.0,0.0,0.0,0,-1,6,0,0,149
5343,269,269,0.3,96913,34.2,5.4,15:30:59,0.0,0.0,0.0,0,-9,7,0,0,149
5343,270,270,0.3,96913,34.2,5.4,15:31:00,0.0,0.0,0.0,0,-10,7,0,0,149
5343,271,271,0.4,96911,34.2,5.4,15:31:00,0.0,0.0,0.0,0,-2,7,0,0,149
5343,272,272,0.2,96914,34.2,5.4,15:31:01,0.0,0.0,0.0,0,-2,7,0,0,149
5343,273,273,0.1,96915,34.2,5.4,15:31:02,0.0,0.0,0.0,0,-2,7,0,0,149
5343,274,274,0.0,96916,34.2,5.4,15:31:03,0.0,0.0,0.0,0,-2,7,0,0,149
5343,275,275,0.0,96916,34.3,5.4,15:31:04,0.0,0.0,0.0,0,-2,7,0,0,149
5343,276,276,0.0,96917,34.3,5.4,15:31:05,0.0,0.0,0.0,0,-10,7,0,0,149
5343,277,277,0.3,96921,34.3,5.4,15:31:06,0.0,0.0,0.0,0,-10,7,0,0,149
5343,278,278,0.2,96919,34.3,5.4,15:31:07,0.0,0.0,0.0,0,-10,7,0,0,150
5343,279,279,0.1,96918,34.2,5.4,15:31:08,0.0,0.0,0.0,0,-2,7,0,0,150
5343,280,280,0.1,96918,34.2,5.4,15:31:09,0.0,0.0,0.0,0,-2,7,0,0,149
5343,281,281,0.1,96918,34.3,5.4,15:31:10,0.0,0.0,0.0,0,-2,7,0,0,149
5343,282,282,0.3,96920,34.2,5.4,15:31:11,0.0,0.0,0.0,0,-2,7,0,0,150
5343,283,283,0.2,96919,34.3,5.4,15:31:12,0.0,0.0,0.0,0,-2,7,0,0,151
5343,284,284,0.0,96917,34.2,5.4,15:31:13,0.0,0.0,0.0,0,-2,7,0,0,153
5343,285,285,0.1,96918,34.3,5.4,15:31:14,0.0,0.0,0.0,0,-2,7,0,0,150
5343,286,286,0.0,96917,34.3,5.4,15:31:15,0.0,0.0,0.0,0,-10,7,0,0,149
5343,287,287,0.1,96919,34.3,5.4,15:31:16,0.0,0.0,0.0,0,-2,7,0,0,149
5343,288,288,0.0,96917,34.3,5.4,15:31:17,0.0,0.0,0.0,0,-2,7,0,0,149
5343,289,289,0.0,96916,34.4,5.4,15:31:18,0.0,0.0,0.0,0,-2,7,0,0,149
5343,290,290,0.0,96916,34.4,5.4,15:31:19,0.0,0.0,0.0,0,-1,7,0,0,149
5343,291,291,0.1,96915,34.4,5.4,15:31:20,0.0,0.0,0.0,0,-9,7,0,0,149
5343,292,292,0.1,96915,34.4,5.4,15:31:21,0.0,0.0,0.0,0,-9,7,0,0,149
5343,293,293,0.1,96915,34.4,5.4,15:31:22,0.0,0.0,0.0,0,-1,7,0,0,149
5343,294,294,0.0,96917,34.4,5.4,15:31:23,0.0,0.0,0.0,0,-1,7,0,0,149
5343,295,295,0.0,96916,34.4,5.4,15:31:24,0.0,0.0,0.0,0,-1,7,0,0,149
5343,296,296,0.1,96915,34.4,5.4,15:31:25,0.0,0.0,0.0,0,-1,7,0,0,149
5343,297,297,0.0,96916,34.4,5.4,15:31:26,0.0,0.0,0.0,0,-9,7,0,0,149
5343,298,298,0.0,96916,34.4,5.4,15:31:27,0.0,0.0,0.0,0,-1,7,0,0,149
5343,299,299,0.1,96915,34.4,5.4,15:31:28,0.0,0.0,0.0,0,-1,7,0,0,149
5343,300,300,0.0,96916,34.4,5.4,15:31:29,0.0,0.0,0.0,0,-1,7,0,0,149
5343,301,301,0.2,96914,34.4,5.4,15:31:30,0.0,0.0,0.0,0,-1,7,0,0,149
5343,302,302,0.1,96915,34.4,5.4,15:31:31,0.0,0.0,0.0,0,-1,7,0,0,149
5343,303,303,0.2,96914,34.3,5.4,15:31:32,0.0,0.0,0.0,0,-1,7,0,0,149
5343,304,304,0.1,96915,34.5,5.4,15:31:33,0.0,0.0,0.0,0,-1,7,0,0,149
5343,305,305,0.2,96914,34.4,5.4,15:31:34,0.0,0.0,0.0,0,-1,7,0,0,149
5343,306,306,0.2,96914,34.4,5.4,15:31:35,0.0,0.0,0.0,0,-1,7,0,0,153
5343,307,307,0.3,96912,34.4,5.4,15:31:35,0.0,0.0,0.0,0,-9,7,0,0,154
5343,308,308,0.2,96914,34.4,5.4,15:31:36,0.0,0.0,0.0,0,-9,7,0,0,154
5343,309,309,0.0,96916,34.4,5.4,15:31:37,0.0,0.0,0.0,0,-1,7,0,0,154
5343,310,310,0.1,96914,34.4,5.4,15:31:38,0.0,0.0,0.0,0,-1,7,0,0,154
5343,311,311,0.3,96913,34.5,5.4,15:31:39,0.0,0.0,0.0,0,-1,7,0,0,154
5343,312,312,0.2,96913,34.4,5.4,15:31:40,0.0,0.0,0.0,0,-1,7,0,0,155
5343,313,313,0.2,96914,34.4,5.4,15:31:41,0.0,0.0,0.0,0,-9,7,0,0,154
5343,314,314,0.3,96913,34.5,5.4,15:31:42,0.0,0.0,0.0,0,-1,7,0,0,155
5343,315,315,0.1,96915,34.5,5.4,15:31:43,0.0,0.0,0.0,0,-2,7,0,0,155
5343,316,316,0.0,96916,34.5,5.4,15:31:44,0.0,0.0,0.0,0,-9,7,0,0,152
5343,317,317,0.2,96914,34.5,5.4,15:31:45,0.0,0.0,0.0,0,-9,7,0,0,151
5343,318,318,0.2,96914,34.4,5.4,15:31:46,0.0,0.0,0.0,0,-9,7,0,0,151
5343,319,319,0.0,96916,34.5,5.4,15:31:47,0.0,0.0,0.0,0,-1,7,0,0,151
5343,320,320,0.3,96913,34.6,5.4,15:31:48,0.0,0.0,0.0,0,-10,7,0,0,151
5343,321,321,0.2,96914,34.5,5.4,15:31:49,0.0,0.0,0.0,0,-2,7,0,0,151
5343,322,322,0.1,96915,34.5,5.4,15:31:50,0.0,0.0,0.0,0,-2,7,0,0,151
5343,323,323,0.1,96915,34.6,5.4,15:31:51,0.0,0.0,0.0,0,-2,7,0,0,151
5343,324,324,0.2,96914,34.6,5.4,15:31:52,0.0,0.0,0.0,0,-2,7,0,0,151
5343,325,325,0.0,96916,34.5,5.4,15:31:53,0.0,0.0,0.0,0,-2,7,0,0,151
5343,326,326,0.0,96917,34.6,5.4,15:31:54,0.0,0.0,0.0,0,-1,7,0,0,143
5343,327,327,0.1,96918,34.5,5.4,15:31:55,0.0,0.0,0.0,0,-4,8,0,0,121
5343,328,328,0.1,96918,34.6,5.4,15:31:56,0.0,0.0,0.0,0,0,6,0,0,21
5343,329,329,0.1,96918,34.6,5.4,15:31:57,0.0,0.0,0.0,0,-2,3,0,0,320
5343,330,330,0.3,96920,34.5,5.4,15:31:58,0.0,0.0,0.0,0,0,4,0,0,269
5343,331,331,0.2,96919,34.5,5.4,15:31:59,0.0,0.0,0.0,0,-1,5,0,0,220
5343,332,332,0.3,96920,34.6,5.4,15:32:00,0.0,0.0,0.0,0,0,4,0,0,173
5343,333,333,0.4,96921,34.5,5.4,15:32:00,0.0,0.0,0.0,0,-1,4,0,0,128
5343,334,334,0.3,96920,34.5,5.4,15:32:01,0.0,0.0,0.0,0,0,4,0,0,85
5343,335,335,0.4,96921,34.5,5.4,15:32:02,0.0,0.0,0.0,0,-2,5,0,0,51
5343,336,336,0.5,96923,34.4,5.4,15:32:03,0.0,0.0,0.0,0,-8,3,0,0,23
5343,337,337,0.6,96923,34.4,5.4,15:32:04,0.0,0.0,0.0,0,-1,6,0,0,4
5343,338,338,0.7,96925,34.4,5.4,15:32:05,0.0,0.0,0.0,0,-9,3,0,0,352
5343,339,339,0.5,96922,34.5,5.4,15:32:06,0.0,0.0,0.0,0,-1,6,0,0,350
5343,340,340,0.6,96923,34.4,5.4,15:32:07,0.0,0.0,0.0,0,-1,3,0,0,354
5343,341,341,0.5,96923,34.4,5.4,15:32:08,0.0,0.0,0.0,0,-2,6,0,0,8
5343,342,342,0.4,96921,34.4,5.4,15:32:09,0.0,0.0,0.0,0,-1,3,0,0,26
5343,343,343,0.2,96919,34.4,5.4,15:32:10,0.0,0.0,0.0,0,-2,4,0,0,51
5343,344,344,0.1,96919,34.4,5.4,15:32:11,0.0,0.0,0.0,0,-1,4,0,0,78
5343,345,345,0.0,96917,34.4,5.4,15:32:12,0.0,0.0,0.0,0,-1,4,0,0,108
5343,346,346,0.0,96917,34.4,5.4,15:32:13,0.0,0.0,0.0,0,-10,3,0,0,139
5343,347,347,0.1,96915,34.4,5.4,15:32:14,0.0,0.0,0.0,0,-2,5,0,0,173
5343,348,348,0.0,96918,34.4,5.4,15:32:15,0.0,0.0,0.0,0,-9,2,0,0,205
5343,349,349,0.0,96916,34.5,5.4,15:32:16,0.0,0.0,0.0,0,-3,4,0,0,237
5343,350,350,0.0,96916,34.5,5.4,15:32:17,0.0,0.0,0.0,0,-8,3,0,0,262
5343,351,351,0.0,96917,34.4,5.4,15:32:18,0.0,0.0,0.0,0,-4,3,0,0,283
5343,352,352,0.0,96916,34.4,5.4,15:32:19,0.0,0.0,0.0,0,-9,4,0,0,300
5343,353,353,0.0,96917,34.4,5.4,15:32:20,0.0,0.0,0.0,0,-3,3,0,0,309
5343,354,354,0.2,96919,34.4,5.4,15:32:21,0.0,0.0,0.0,0,-9,4,0,0,315
5343,355,355,0.4,96922,34.4,5.4,15:32:22,0.0,0.0,0.0,0,-2,3,0,0,316
5343,356,356,0.5,96922,34.4,5.4,15:32:23,0.0,0.0,0.0,0,-2,4,0,0,313
5343,357,357,0.5,96923,34.4,5.4,15:32:24,0.0,0.0,0.0,0,-2,4,0,0,305
5343,358,358,0.7,96924,34.4,5.4,15:32:25,0.0,0.0,0.0,0,-2,3,0,0,294
5343,359,359,0.2,96920,34.4,5.4,15:32:26,0.0,0.0,0.0,0,-1,4,0,0,279
5343,360,360,0.4,96921,34.4,5.4,15:32:27,0.0,0.0,0.0,0,-3,4,0,0,261
5343,361,361,0.2,96919,34.4,5.4,15:32:28,0.0,0.0,0.0,0,0,3,0,0,241
5343,362,362,0.4,96921,34.6,5.4,15:32:29,0.0,0.0,0.0,0,-10,5,0,0,222
5343,363,363,0.3,96920,34.5,5.4,15:32:30,0.0,0.0,0.0,0,-1,2,0,0,200
5343,364,364,0.2,96920,34.5,5.4,15:32:30,0.0,0.0,0.0,0,-1,5,0,0,182
5343,365,365,0.3,96920,34.5,5.4,15:32:31,0.0,0.0,0.0,0,-2,3,0,0,163
5343,1,1,0.7,96922,34.5,5.4,15:32:36,0.0,0.0,0.0,0,-2,-1,0,0,118
5343,2,2,0.8,96923,34.5,5.4,15:32:37,0.0,0.0,0.0,0,0,0,0,0,118
5343,3,3,0.8,96923,34.5,5.4,15:32:38,0.0,0.0,0.0,0,0,0,0,0,120
5343,4,4,0.5,96920,34.5,5.4,15:32:39,0.0,0.0,0.0,0,-8,0,0,0,137
5343,5,5,0.3,96918,34.5,5.4,15:32:40,0.0,0.0,0.0,0,-1,0,0,0,161
5343,6,6,0.5,96920,34.5,5.4,15:32:40,0.0,0.0,0.0,0,0,-2,0,0,177
5343,7,7,0.5,96920,34.6,5.4,15:32:42,0.0,0.0,0.0,0,0,-1,0,0,180
5343,8,8,0.7,96922,34.6,5.4,15:32:42,0.0,0.0,0.0,0,0,-1,0,0,182
5343,9,9,0.6,96922,34.5,5.4,15:32:43,0.0,0.0,0.0,0,0,0,0,0,184
5343,10,10,0.4,96919,34.6,5.4,15:32:44,0.0,0.0,0.0,0,-1,-1,0,0,181
5343,11,11,0.6,96921,34.6,5.4,15:32:45,0.0,0.0,0.0,0,0,0,0,0,182
5343,12,12,0.6,96921,34.6,5.4,15:32:46,0.0,0.0,0.0,0,0,0,0,0,183
5343,13,13,0.6,96921,34.6,5.4,15:32:47,0.0,0.0,0.0,0,-2,-2,0,0,187
5343,14,14,0.4,96919,34.6,5.4,15:32:48,0.0,0.0,0.0,0,-2,-1,0,0,208
5343,15,15,0.6,96921,34.6,5.4,15:32:49,0.0,0.0,0.0,0,0,0,0,0,244
5343,16,16,0.5,96920,34.6,5.4,15:32:50,0.0,0.0,0.0,0,-1,-1,0,0,280
5343,17,17,0.7,96922,34.6,5.4,15:32:51,0.0,0.0,0.0,0,0,-3,0,0,283
5343,18,18,0.7,96922,34.6,5.4,15:32:52,0.0,0.0,0.0,0,-8,-1,0,0,284
5343,19,19,0.6,96921,34.6,5.4,15:32:53,0.0,0.0,0.0,0,-1,0,0,0,286
5343,20,20,0.6,96921,34.6,5.4,15:32:54,0.0,0.0,0.0,0,0,-1,0,0,285
5343,21,21,0.7,96922,34.6,5.4,15:32:55,0.0,0.0,0.0,0,-1,0,0,0,281
5343,22,22,0.5,96921,34.6,5.4,15:32:56,0.0,0.0,0.0,0,0,-1,0,0,274
5343,23,23,0.5,96920,34.6,5.4,15:32:57,0.0,0.0,0.0,0,0,-2,0,0,265
5343,24,24,0.4,96919,34.6,5.4,15:32:58,0.0,0.0,0.0,0,-9,-2,0,0,266
5343,25,25,0.4,96919,34.6,5.4,15:32:59,0.0,0.0,0.0,0,-1,-1,0,0,266
5343,26,26,0.5,96920,34.7,5.4,15:33:00,0.0,0.0,0.0,0,-8,0,0,0,243
5343,27,27,0.6,96922,34.7,5.4,15:33:01,0.0,0.0,0.0,0,0,-1,0,0,264
5343,28,28,0.4,96919,34.7,5.4,15:33:02,0.0,0.0,0.0,0,-9,-1,0,0,296
5343,29,29,0.6,96921,34.6,5.4,15:33:03,0.0,0.0,0.0,0,-1,-2,0,0,326
5343,30,30,0.7,96922,34.7,5.4,15:33:04,0.0,0.0,0.0,0,-1,-2,0,0,349
5343,31,31,0.6,96922,34.6,5.4,15:33:05,0.0,0.0,0.0,0,-1,-2,0,0,7
5343,32,32,0.6,96921,34.6,5.4,15:33:06,0.0,0.0,0.0,0,0,-1,0,0,16
5343,33,33,0.7,96922,34.7,5.4,15:33:07,0.0,0.0,0.0,0,-1,-2,0,0,18
5343,34,34,0.7,96922,34.7,5.4,15:33:08,0.0,0.0,0.0,0,-8,-1,0,0,13
5343,35,35,0.6,96922,34.7,5.4,15:33:09,0.0,0.0,0.0,0,-1,-2,0,0,0
5343,36,36,0.5,96920,34.7,5.4,15:33:10,0.0,0.0,0.0,0,-8,-1,0,0,343
5343,37,37,0.4,96919,34.7,5.4,15:33:11,0.0,0.0,0.0,0,-1,-1,0,0,316
5343,38,38,0.3,96918,34.7,5.4,15:33:12,0.0,0.0,0.0,0,-1,-2,0,0,288
5343,39,39,0.5,96920,34.7,5.4,15:33:13,0.0,0.0,0.0,0,0,-2,0,0,260
5343,40,40,0.4,96919,34.7,5.4,15:33:14,0.0,0.0,0.0,0,-1,-1,0,0,232
5343,41,41,0.4,96919,34.7,5.4,15:33:15,0.0,0.0,0.0,0,0,-2,0,0,203
5343,42,42,0.5,96920,34.7,5.4,15:33:16,0.0,0.0,0.0,0,-8,-1,0,0,176
5343,43,43,0.3,96918,34.7,5.4,15:33:17,0.0,0.0,0.0,0,0,-1,0,0,149
5343,44,44,0.6,96921,34.7,5.4,15:33:18,0.0,0.0,0.0,0,-8,-1,0,0,128
5343,45,45,0.4,96919,34.7,5.4,15:33:19,0.0,0.0,0.0,0,0,-1,0,0,111
5343,46,46,0.3,96918,34.8,5.4,15:33:20,0.0,0.0,0.0,0,0,-1,0,0,100
5343,47,47,0.4,96919,34.8,5.4,15:33:21,0.0,0.0,0.0,0,0,0,0,0,94
5343,48,48,0.4,96919,34.7,5.4,15:33:21,0.0,0.0,0.0,0,-1,0,0,0,94
5343,49,49,0.4,96919,34.7,5.4,15:33:22,0.0,0.0,0.0,0,0,-1,0,0,100
5343,50,50,0.5,96920,34.8,5.4,15:33:23,0.0,0.0,0.0,0,-1,0,0,0,110
5343,51,51,0.3,96918,34.8,5.4,15:33:24,0.0,0.0,0.0,0,0,0,0,0,125
5343,52,52,0.3,96918,34.8,5.4,15:33:25,0.0,0.0,0.0,0,-1,-1,0,0,141
5343,53,53,0.4,96919,34.8,5.4,15:33:26,0.0,0.0,0.0,0,0,0,0,0,161
5343,54,54,0.3,96918,34.8,5.4,15:33:27,0.0,0.0,0.0,0,-8,-1,0,0,181
5343,1,1,0.2,96918,34.9,5.4,15:33:31,0.0,0.0,0.0,0,0,0,0,0,244
5343,1,1,0.2,96918,34.9,5.4,15:33:35,0.0,0.0,0.0,0,-8,0,0,0,249
5343,2,2,0.4,96920,34.9,5.4,15:33:37,0.0,0.0,0.0,0,0,0,0,0,249
5343,3,3,0.4,96921,34.9,5.4,15:33:37,0.0,0.0,0.0,0,0,0,0,0,250
5343,4,4,0.3,96920,34.9,5.4,15:33:38,0.0,0.0,0.0,0,0,0,0,0,251
5343,5,5,0.3,96919,34.8,5.4,15:33:39,0.0,0.0,0.0,0,0,0,0,0,251
5343,6,6,0.2,96918,34.9,5.4,15:33:40,0.0,0.0,0.0,0,-8,0,0,0,252
5343,7,7,0.2,96918,34.9,5.4,15:33:41,0.0,0.0,0.0,0,0,0,0,0,253
5343,8,8,0.4,96920,34.9,5.4,15:33:42,0.0,0.0,0.0,0,-7,0,0,0,253
5343,9,9,0.1,96917,34.8,5.4,15:33:43,0.0,0.0,0.0,0,0,0,0,0,254
5343,10,10,0.1,96918,34.8,5.4,15:33:44,0.0,0.0,0.0,0,-8,0,0,0,254
5343,11,11,0.2,96918,34.8,5.4,15:33:45,0.0,0.0,0.0,0,0,0,0,0,254
5343,12,12,0.0,96917,34.8,5.4,15:33:46,0.0,0.0,0.0,0,-8,0,0,0,254
5343,13,13,0.0,96916,34.8,5.4,15:33:47,0.0,0.0,0.0,0,0,0,0,0,255
5343,14,14,0.2,96918,34.8,5.4,15:33:48,0.0,0.0,0.0,0,-9,0,0,0,257
5343,15,15,0.0,96915,34.8,5.4,15:33:49,0.0,0.0,0.0,0,-1,0,0,0,261
5343,16,16,0.1,96914,34.8,5.4,15:33:50,0.0,0.0,0.0,0,-8,1,0,0,259
5343,17,17,0.2,96913,34.8,5.4,15:33:51,0.0,0.0,0.0,0,0,1,0,0,254
5343,18,18,0.2,96913,34.7,5.4,15:33:52,0.0,0.0,0.0,0,0,0,0,0,251
5343,19,19,0.1,96914,34.8,5.4,15:33:53,0.0,0.0,0.0,0,0,0,0,0,250
5343,20,20,0.1,96914,34.8,5.4,15:33:54,0.0,0.0,0.0,0,1,0,0,0,251
5343,21,21,0.3,96912,34.8,5.4,15:33:55,0.0,0.0,0.0,0,0,-1,0,0,252
5343,22,22,0.3,96912,34.8,5.4,15:33:56,0.0,0.0,0.0,0,0,1,0,0,242
5343,23,23,0.4,96911,34.9,5.4,15:33:57,0.0,0.0,0.0,0,0,1,0,0,240
5343,24,24,0.1,96914,34.8,5.4,15:33:58,0.0,0.0,0.0,0,1,0,0,0,248
5343,25,25,0.0,96916,34.8,5.4,15:33:59,0.0,0.0,0.0,0,1,2,0,0,244
5343,26,26,0.1,96917,34.8,5.4,15:34:00,0.0,0.0,0.0,0,1,0,0,0,249
5343,27,27,0.1,96917,34.8,5.4,15:34:01,0.0,0.0,0.0,0,3,2,0,0,246
5343,28,28,0.0,96915,34.9,5.4,15:34:02,0.0,0.0,0.0,0,3,3,0,0,249
5343,29,29,0.0,96915,34.8,5.4,15:34:03,0.0,0.0,0.0,0,-5,1,0,0,246
5343,30,30,0.2,96913,34.9,5.4,15:34:04,0.0,0.0,0.0,0,1,1,0,0,240
5343,31,31,0.3,96912,34.8,5.4,15:34:05,0.0,0.0,0.0,0,2,0,0,0,251
5343,32,32,0.2,96913,34.9,5.4,15:34:06,0.0,0.0,0.0,0,4,3,0,0,249
5343,33,33,0.2,96913,34.9,5.4,15:34:07,0.0,0.0,0.0,0,0,0,0,0,238
5343,34,34,0.3,96912,34.9,5.4,15:34:08,0.0,0.0,0.0,0,1,0,0,0,223
5343,35,35,0.4,96911,34.8,5.4,15:34:09,0.0,0.0,0.0,0,1,-1,0,0,208
5343,36,36,0.4,96911,34.8,5.4,15:34:10,0.0,0.0,0.0,0,0,0,0,0,200
5343,37,37,0.4,96911,34.9,5.4,15:34:11,0.0,0.0,0.0,0,-7,0,0,0,205
5343,38,38,0.3,96912,34.9,5.4,15:34:11,0.0,0.0,0.0,0,1,0,0,0,211
5343,39,39,0.4,96911,34.8,5.4,15:34:12,0.0,0.0,0.0,0,0,0,0,0,216
5343,40,40,0.3,96912,34.8,5.4,15:34:13,0.0,0.0,0.0,0,-1,-1,0,0,222
5343,41,41,0.0,96917,34.7,5.4,15:34:14,0.0,0.0,0.0,0,-35,-40,0,0,204
5343,42,42,0.0,96916,34.6,5.4,15:34:15,0.0,0.0,0.0,0,21,14,0,0,264
5343,43,43,0.2,96918,34.5,5.4,15:34:16,0.0,0.0,0.0,0,-1,-7,0,0,236
5343,44,44,0.2,96918,34.4,5.4,15:34:17,0.0,0.0,0.0,0,-8,-14,0,0,229
5343,45,45,0.0,96917,34.4,5.4,15:34:18,0.0,0.0,0.0,0,0,-6,0,0,238
5343,46,46,0.4,96920,34.4,5.4,15:34:19,0.0,0.0,0.0,0,6,3,0,0,247
5343,47,47,0.1,96918,34.3,5.4,15:34:20,0.0,0.0,0.0,0,9,8,0,0,246
5343,48,48,0.5,96922,34.3,5.4,15:34:21,0.0,0.0,0.0,0,9,-2,0,0,242
5343,49,49,0.6,96923,34.4,5.4,15:34:22,0.0,0.0,0.0,0,6,3,0,0,245
5343,50,50,0.8,96925,34.4,5.4,15:34:23,0.0,0.0,0.0,0,7,1,0,0,250
5343,51,51,0.7,96924,34.4,5.4,15:34:24,0.0,0.0,0.0,0,2,-2,0,0,256
5343,52,52,0.8,96925,34.3,5.4,15:34:25,0.0,0.0,0.0,0,2,0,0,0,270
5343,53,53,-1.0,96927,34.4,5.4,15:34:26,0.0,0.0,0.0,0,2,-4,0,0,283
5343,54,54,0.8,96925,34.4,5.4,15:34:27,0.0,0.0,0.0,0,0,-1,0,0,300
5343,55,55,-1.0,96927,34.4,5.4,15:34:28,0.0,0.0,0.0,0,2,-3,0,0,316
5343,56,56,0.8,96925,34.4,5.4,15:34:29,0.0,0.0,0.0,0,-7,-3,0,0,335
5343,57,57,0.8,96925,34.5,5.4,15:34:30,0.0,0.0,0.0,0,2,-2,0,0,353
5343,58,58,0.6,96923,34.5,5.4,15:34:31,0.0,0.0,0.0,0,37,-50,0,0,340
5343,59,59,0.4,96921,34.4,5.4,15:34:32,0.0,0.0,0.0,0,42,-81,0,0,274
5343,60,60,0.6,96923,34.5,5.4,15:34:33,0.0,0.0,0.0,0,28,-12,0,0,83
5343,61,61,0.9,96926,34.5,5.4,15:34:34,0.0,0.0,0.0,0,14,-3,0,0,103
5343,62,62,0.6,96923,34.6,5.4,15:34:35,0.0,0.0,0.0,0,7,-4,0,0,102
5343,63,63,0.7,96924,34.6,5.4,15:34:36,0.0,0.0,0.0,0,19,-10,0,0,67
5343,64,64,0.6,96923,34.6,5.4,15:34:37,0.0,0.0,0.0,0,9,-2,0,0,77
5343,65,65,0.7,96924,34.5,5.4,15:34:38,0.0,0.0,0.0,0,8,-24,0,0,38
5343,66,66,-1.0,96927,34.6,5.4,15:34:39,0.0,0.0,0.0,0,-5,-34,0,0,22
5343,67,67,0.6,96922,34.6,5.4,15:34:40,0.0,0.0,0.0,0,-5,-42,0,0,33
5343,68,68,0.7,96923,34.6,5.4,15:34:41,0.0,0.0,0.0,0,-28,-50,0,0,21
5343,69,69,0.6,96923,34.5,5.4,15:34:42,0.0,0.0,0.0,0,-49,-62,30,0,354
5343,70,70,0.6,96923,34.6,5.4,15:34:43,0.0,0.0,0.0,0,-60,-35,15,0,318
5343,71,71,0.5,96922,34.6,5.4,15:34:44,0.0,0.0,0.0,0,-48,-30,7,0,318
5343,72,72,0.5,96921,34.6,5.4,15:34:45,0.0,0.0,0.0,0,-54,11,3,0,293
5343,73,73,0.1,96918,34.6,5.4,15:34:45,0.0,0.0,0.0,0,10,-15,1,0,230
5343,74,74,0.0,96916,34.6,5.4,15:34:46,0.0,0.0,0.0,0,1,2,0,0,297
5343,75,75,0.0,96917,34.6,5.4,15:34:47,0.0,0.0,0.0,0,-9,7,0,0,313
5343,76,76,0.2,96919,34.6,5.4,15:34:48,0.0,0.0,0.0,0,-3,0,0,0,326
5343,77,77,0.3,96919,34.6,5.4,15:34:49,0.0,0.0,0.0,0,-8,-1,0,0,321
