Team ID,Mission Time,Packet Count,Altitude,Pressure,Temperature,Voltage,GPS Time,GPS Latitude,GPS Longitude,GPS Altitude,GPS Sats,Pitch,Roll,Blade Spin Rate,Flight State,Bonus Direction
5343,0,1,0,78964,15,0,00:00:00,0.0,0.0,0.0,0,0,0,0,0,0,0
5343,0,2,0,78962,15,0,00:00:00,0.0,0.0,0.0,0,0,0,0,0,0,0
5343,0,3,0,78963,15,0,00:00:00,0.0,0.0,0.0,0,0,0,0,0,0,0
5343,0,4,0,78963,15,0,00:00:00,0.0,0.0,0.0,0,0,0,0,0,0,0
5343,0,5,0,78963,15,0,00:00:00,0.0,0.0,0.0,0,0,0,0,0,0,0
5343,0,6,0,78963,15,0,00:00:00,0.0,0.0,0.0,0,0,0,0,0,0,0
5343,0,7,0,78963,15,0,00:00:00,0.0,0.0,0.0,0,0,0,0,0,0,0
5343,0,8,0,78963,15,0,00:00:00,0.0,0.0,0.0,0,0,0,0,0,0,0
5343,0,8,0,78963,15,0,00:00:00,0.0,0.0,0.0,0,0,0,0,0,0,0
5343,1,9,0,78963,15,0,23:59:44,0.0,0.0,0.0,0,0,0,0,0,0,0
5343,1,10,0,78963,15,0,23:59:44,0.0,0.0,0.0,0,0,0,0,0,0,0
5343,1,11,0,78963,15,0,23:59:44,0.0,0.0,0.0,0,0,0,0,0,0,0
5343,1,12,0,78964,15,0,23:59:44,0.0,0.0,0.0,0,0,0,0,0,0,0
5343,3,33,0,78961,15,0,23:59:46,0.0,0.0,0.0,0,0,0,0,0,0,0
5343,3,34,0,78959,15,0,23:59:46,0.0,0.0,0.0,0,0,0,0,0,0,0
5343,3,35,0,78959,15,0,23:59:46,0.0,0.0,0.0,0,0,0,0,0,0,0
5343,3,36,0,78959,15,0,23:59:46,0.0,0.0,0.0,0,0,0,0,0,0,0
5343,4,38,0,78959,15,0,23:59:47,0.0,0.0,0.0,0,0,0,0,0,0,0
5343,4,39,0,78958,15,0,23:59:47,0.0,0.0,0.0,0,0,0,0,0,0,0
5343,4,40,0,78958,15,0,23:59:47,0.0,0.0,0.0,0,0,0,0,0,0,0
5343,4,41,0,78957,15,0,23:59:47,0.0,0.0,0.0,0,0,0,0,0,0,0
5343,4,42,977,70227,15,0,23:59:47,0.0,0.0,0.0,0,0,0,0,1,0,0
5343,4,43,1236,68045,15,0,23:59:47,0.0,0.0,0.0,0,0,0,0,2,0,0
5343,4,44,1684,64409,15,0,23:59:47,0.0,0.0,0.0,0,0,0,0,2,0,0
5343,4,45,2179,60577,15,0,23:59:47,0.0,0.0,0.0,0,0,0,0,2,0,0
5343,4,46,3478,51386,15,0,23:59:47,0.0,0.0,0.0,0,0,0,0,1,0,0
5343,4,46,3478,51386,15,0,23:59:47,0.0,0.0,0.0,0,0,0,0,1,0,0
5343,5,47,1307,67463,15,0,23:59:48,0.0,0.0,0.0,0,0,0,0,1,0,0
5343,5,48,1307,67463,15,0,23:59:48,0.0,0.0,0.0,0,0,0,0,2,0,0
5343,5,49,13,78825,15,0,23:59:48,0.0,0.0,0.0,0,0,0,0,2,0,0
5343,5,50,-1136,90188,15,0,23:59:48,0.0,0.0,0.0,0,0,0,0,1,0,0
5343,5,51,-1136,90188,15,0,23:59:48,0.0,0.0,0.0,0,0,0,0,1,0,0
5343,5,52,-2511,105473,15,0,23:59:48,0.0,0.0,0.0,0,0,0,0,1,0,0
5343,5,53,-2511,105473,15,0,23:59:48,0.0,0.0,0.0,0,0,0,0,2,0,0
5343,5,54,-3732,120758,15,0,23:59:48,0.0,0.0,0.0,0,0,0,0,1,0,0
5343,5,55,-3734,120773,15,0,23:59:48,0.0,0.0,0.0,0,0,0,0,1,0,0
5343,5,55,-3734,120773,15,0,23:59:48,0.0,0.0,0.0,0,0,0,0,1,0,0
5343,6,56,-3734,120773,15,0,23:59:48,0.0,0.0,0.0,0,0,0,0,1,0,0
5343,6,57,-532,84071,15,0,23:59:49,0.0,0.0,0.0,0,0,0,0,2,0,0
5343,6,58,-1793,97253,15,0,23:59:49,0.0,0.0,0.0,0,0,0,0,0,0,0
5343,6,59,-1921,98679,15,0,23:59:49,0.0,0.0,0.0,0,0,0,0,2,0,0
5343,6,60,-3915,123190,15,0,23:59:49,0.0,0.0,0.0,0,0,0,0,2,0,0
5343,6,61,-4824,135891,15,0,23:59:49,0.0,0.0,0.0,0,0,0,0,2,0,0
5343,6,62,-6256,158026,15,0,23:59:49,0.0,0.0,0.0,0,0,0,0,1,0,0
5343,6,63,-6935,169495,15,0,23:59:49,0.0,0.0,0.0,0,0,0,0,1,0,0
5343,6,64,-8713,202764,15,0,23:59:49,0.0,0.0,0.0,0,0,0,0,2,0,0
5343,6,64,-8713,202764,15,0,23:59:49,0.0,0.0,0.0,0,0,0,0,2,0,0
5343,7,65,-7886,186694,15,0,23:59:49,0.0,0.0,0.0,0,0,0,0,2,0,0
5343,7,66,0,0,15,0,23:59:50,0.0,0.0,0.0,0,0,0,0,2,0,0
5343,7,67,0,0,15,0,23:59:50,0.0,0.0,0.0,0,0,0,0,1,0,0
5343,7,68,0,0,15,0,23:59:50,0.0,0.0,0.0,0,0,0,0,2,0,0
5343,7,69,0,0,15,0,23:59:50,0.0,0.0,0.0,0,0,0,0,2,0,0
5343,7,70,0,0,15,0,23:59:50,0.0,0.0,0.0,0,0,0,0,3,0,0
5343,7,71,0,0,15,0,23:59:50,0.0,0.0,0.0,0,0,0,0,3,0,0
5343,7,72,0,0,15,0,23:59:50,0.0,0.0,0.0,0,0,0,0,3,0,0
5343,7,73,0,0,15,0,23:59:50,0.0,0.0,0.0,0,0,0,0,3,0,0
5343,7,74,0,0,15,0,23:59:50,0.0,0.0,0.0,0,0,0,0,3,0,0
5343,7,74,0,0,15,0,23:59:50,0.0,0.0,0.0,0,0,0,0,3,0,0
5343,8,75,0,0,15,0,23:59:50,0.0,0.0,0.0,0,0,0,0,3,0,0
5343,8,76,0,0,15,0,23:59:51,0.0,0.0,0.0,0,0,0,0,3,0,0
5343,8,77,0,0,15,0,23:59:51,0.0,0.0,0.0,0,0,0,0,3,0,0
5343,8,78,0,0,15,0,23:59:51,0.0,0.0,0.0,0,0,0,0,3,0,0
5343,8,79,0,0,15,0,23:59:51,0.0,0.0,0.0,0,0,0,0,3,0,0
5343,8,80,0,0,15,0,23:59:51,0.0,0.0,0.0,0,0,0,0,3,0,0
5343,8,81,0,0,15,0,23:59:52,0.0,0.0,0.0,0,0,0,0,3,0,0
5343,8,82,0,0,15,0,23:59:52,0.0,0.0,0.0,0,0,0,0,3,0,0
5343,8,83,0,0,15,0,23:59:52,0.0,0.0,0.0,0,0,0,0,3,0,0
5343,8,84,0,0,15,0,23:59:52,0.0,0.0,0.0,0,0,0,0,3,0,0
5343,9,86,0,0,15,0,23:59:52,0.0,0.0,0.0,0,0,0,0,3,0,0
5343,9,87,0,0,15,0,23:59:52,0.0,0.0,0.0,0,0,0,0,3,0,0
5343,9,88,0,0,15,0,23:59:52,0.0,0.0,0.0,0,0,0,0,3,0,0
5343,9,89,0,0,15,0,23:59:52,0.0,0.0,0.0,0,0,0,0,3,0,0
5343,9,90,0,0,15,0,23:59:52,0.0,0.0,0.0,0,0,0,0,3,0,0
5343,9,91,0,0,15,0,23:59:53,0.0,0.0,0.0,0,0,0,0,3,0,0
5343,9,92,0,0,15,0,23:59:53,0.0,0.0,0.0,0,0,0,0,3,0,0
5343,9,93,0,0,15,0,23:59:53,0.0,0.0,0.0,0,0,0,0,3,0,0
5343,9,94,0,0,15,0,23:59:53,0.0,0.0,0.0,0,0,0,0,3,0,0
5343,10,96,0,0,15,0,23:59:53,0.0,0.0,0.0,0,0,0,0,3,0,0
5343,10,97,0,0,15,0,23:59:53,0.0,0.0,0.0,0,0,0,0,3,0,0
5343,10,98,0,0,15,0,23:59:53,0.0,0.0,0.0,0,0,0,0,3,0,0
5343,10,99,0,0,15,0,23:59:53,0.0,0.0,0.0,0,0,0,0,3,0,0
5343,10,100,0,0,15,0,23:59:53,0.0,0.0,0.0,0,0,0,0,3,0,0
5343,10,101,0,0,15,0,23:59:53,0.0,0.0,0.0,0,0,0,0,3,0,0
5343,10,102,0,0,15,0,19:33:58,0.0,0.0,0.0,0,0,0,0,3,0,0
5343,10,103,0,0,15,0,19:33:58,0.0,0.0,0.0,0,0,0,0,3,0,0
5343,10,104,0,0,15,0,19:33:58,0.0,0.0,0.0,0,0,0,0,3,0,0
5343,11,106,0,0,15,0,19:33:58,0.0,0.0,0.0,0,0,0,0,3,0,0
5343,11,107,0,0,15,0,19:33:58,0.0,0.0,0.0,0,0,0,0,3,0,0
5343,11,108,0,0,15,0,19:33:58,0.0,0.0,0.0,0,0,0,0,3,0,0
5343,11,109,0,0,15,0,19:33:58,0.0,0.0,0.0,0,0,0,0,3,0,0
5343,11,110,0,0,15,0,19:33:58,0.0,0.0,0.0,0,0,0,0,3,0,0
5343,11,111,0,0,15,0,19:33:58,0.0,0.0,0.0,0,0,0,0,3,0,0
5343,11,112,0,0,15,0,19:33:59,0.0,0.0,0.0,0,0,0,0,3,0,0
5343,11,113,0,0,15,0,19:33:59,0.0,0.0,0.0,0,0,0,0,3,0,0
5343,11,114,0,0,15,0,19:33:59,0.0,0.0,0.0,0,0,0,0,3,0,0
5343,11,114,0,0,15,0,19:33:59,0.0,0.0,0.0,0,0,0,0,3,0,0
5343,12,115,0,0,15,0,19:33:59,0.0,0.0,0.0,0,0,0,0,3,0,0
5343,12,116,0,0,15,0,19:33:59,0.0,0.0,0.0,0,0,0,0,3,0,0
5343,12,117,0,0,15,0,19:33:59,0.0,0.0,0.0,0,0,0,0,3,0,0
5343,12,118,0,0,15,0,19:33:59,0.0,0.0,0.0,0,0,0,0,3,0,0
5343,12,119,0,0,15,0,19:33:59,0.0,0.0,0.0,0,0,0,0,3,0,0
5343,12,120,0,0,15,0,19:33:59,0.0,0.0,0.0,0,0,0,0,3,0,0
5343,12,121,0,0,15,0,19:33:59,0.0,0.0,0.0,0,0,0,0,3,0,0
5343,12,122,0,0,15,0,19:34:00,0.0,0.0,0.0,0,0,0,0,3,0,0
5343,12,123,0,0,15,0,19:34:00,0.0,0.0,0.0,0,0,0,0,3,0,0
5343,12,124,0,0,15,0,19:34:00,0.0,0.0,0.0,0,0,0,0,3,0,0
5343,12,124,0,0,15,0,19:34:00,0.0,0.0,0.0,0,0,0,0,3,0,0
5343,13,125,0,0,15,0,19:34:00,0.0,0.0,0.0,0,0,0,0,3,0,0
5343,13,126,0,0,15,0,19:34:00,0.0,0.0,0.0,0,0,0,0,3,0,0
5343,13,127,0,0,15,0,19:34:00,0.0,0.0,0.0,0,0,0,0,3,0,0
5343,13,128,0,0,15,0,19:34:00,0.0,0.0,0.0,0,0,0,0,3,0,0
5343,13,129,0,0,15,0,19:34:00,0.0,0.0,0.0,0,0,0,0,3,0,0
5343,13,130,0,0,15,0,19:34:00,0.0,0.0,0.0,0,0,0,0,3,0,0
5343,13,131,0,0,15,0,19:34:00,0.0,0.0,0.0,0,0,0,0,3,0,0
5343,13,132,0,0,15,0,19:34:01,0.0,0.0,0.0,0,0,0,0,3,0,0
5343,13,133,0,0,15,0,19:34:01,0.0,0.0,0.0,0,0,0,0,3,0,0
5343,13,134,0,0,15,0,19:34:01,0.0,0.0,0.0,0,0,0,0,3,0,0
5343,13,134,0,0,15,0,19:34:01,0.0,0.0,0.0,0,0,0,0,3,0,0
5343,14,135,0,0,15,0,19:34:01,0.0,0.0,0.0,0,0,0,0,3,0,0
5343,14,136,0,0,15,0,19:34:01,0.0,0.0,0.0,0,0,0,0,3,0,0
5343,14,137,0,0,15,0,19:34:01,0.0,0.0,0.0,0,0,0,0,3,0,0
5343,14,138,0,0,15,0,19:34:01,0.0,0.0,0.0,0,0,0,0,3,0,0
5343,14,139,0,0,15,0,19:34:01,0.0,0.0,0.0,0,0,0,0,3,0,0
5343,14,140,0,0,15,0,19:34:01,0.0,0.0,0.0,0,0,0,0,3,0,0
5343,14,141,0,0,15,0,19:34:01,0.0,0.0,0.0,0,0,0,0,3,0,0
5343,14,142,0,0,15,0,19:34:01,0.0,0.0,0.0,0,0,0,0,3,0,0
5343,14,143,0,0,15,0,19:34:02,0.0,0.0,0.0,0,0,0,0,3,0,0
5343,14,144,0,0,15,0,19:34:02,0.0,0.0,0.0,0,0,0,0,3,05343,14,144,0,0,15,0,19:34:02,0.0,0.0,0.0,0,0,0,0,3,0,0
5343,15,145,0,0,15,0,19:34:02,0.0,0.0,0.0,0,0,0,0,3,0,0
5343,15,146,0,0,15,0,19:34:02,0.0,0.0,0.0,0,0,0,0,3,0,0
5343,15,147,0,0,15,0,19:34:02,0.0,0.0,0.0,0,0,0,0,3,0,0
5343,15,148,0,0,15,0,19:34:02,0.0,0.0,0.0,0,0,0,0,3,0,0
5343,15,149,0,0,15,0,19:34:02,0.0,0.0,0.0,0,0,0,0,3,0,0
5343,15,150,0,0,15,0,19:34:02,0.0,0.0,0.0,0,0,0,0,3,0,0
5343,15,151,0,0,15,0,19:34:02,0.0,0.0,0.0,0,0,0,0,3,0,0
5343,15,152,0,0,15,0,19:34:02,0.0,0.0,0.0,0,0,0,0,3,0,0
5343,15,153,0,0,15,0,19:34:03,0.0,0.0,0.0,0,0,0,0,3,0,0
5343,15,154,0,0,15,0,19:34:03,0.0,0.0,0.05343,15,154,0,0,15,0,19:34:03,0.0,0.0,0.0,0,0,0,0,3,0,0
5343,16,155,0,0,15,0,19:34:03,0.0,0.0,0.0,0,0,0,0,3,0,0
5343,16,156,0,0,15,0,19:34:03,0.0,0.0,0.0,0,0,0,0,3,0,0
5343,16,157,0,0,15,0,19:34:03,0.0,0.0,0.0,0,0,0,0,3,0,0
5343,16,158,0,0,15,0,19:34:03,0.0,0.0,0.0,0,0,0,0,3,0,0
5343,16,159,0,0,15,0,19:34:03,0.0,0.0,0.0,0,0,0,0,3,0,0
5343,16,160,0,0,15,0,19:34:03,0.0,0.0,0.0,0,0,0,0,3,0,0
5343,16,161,0,0,15,0,19:34:03,0.0,0.0,0.0,0,0,0,0,3,0,0
5343,16,162,0,0,15,0,19:34:03,0.0,0.0,0.0,0,0,0,0,3,0,0
5343,16,163,0,0,15,0,19:34:04,0.0,0.0,0.0,0,0,0,0,3,0,0
5343,17,165,0,0,15,0,19:34:04,0.0,0.0,0.0,0,0,0,0,3,0,0
5343,17,166,0,0,15,0,19:34:04,0.0,0.0,0.0,0,0,0,0,3,0,0
5343,17,167,0,0,15,0,19:34:04,0.0,0.0,0.0,0,0,0,0,3,0,0
5343,17,168,0,0,15,0,19:34:04,0.0,0.0,0.0,0,0,05,0,19:34:05,0.0,0.0,0.0,0,0,0,0,3,0,0
5343,18,175,0,0,15,0,19:34:05,0.0,0.0,0.0,0,0,0,0,3,0,0
5343,18,176,0,0,15,0,19:34:05,0.0,0.0,0.0,0,0,0,0,3,0,0
5343,18,177,0,0,15,0,19:34:05,0.0,0.0,0.0,0,0,0,0,3,0,0
5343,18,178,0,0,15,0,19:34:05,0.0,0.0,0.0,0,0,0,0,3,0,0
5343,18,179,0,0,15,0,19:34:05,0.0,0.0,0.0,0,0,0,0,3,0,0
5343,18,180,0,0,15,0,19:34:05,0.0,0.0,0.0,0,0,0,0,3,0,0
5343,18,181,0,0,15,0,19:34:05,0.0,0.0,0.0,0,0,0,0,3,0,0
5343,18,182,0,0,15,0,19:34:05,0.0,0.0,0.0,0,0,0,0,3,0,0
5343,18,183,0,0,15,0,19:34:06,0.0,0.0,0.0,0,0,0,0,3,0,0
5343,19,185,0,0,15,0,19:34:06,0.0,0.0,0.0,0,0,0,0,3,0,0
5343,19,186,0,0,15,0,19:34:06,0.0,0.0,0.0,0,0,0,0,3,0,0
5343,19,187,0,0,15,0,19:34:06,0.0,0.0,0.0,0,0,0,0,3,0,0
5343,19,188,0,0,15,0,19:34:06,0.0,0.0,0.0,0,0,0,0,3,0,0
5343,19,189,0,0,15,0,19:34:06,0.0,0.0,0.0,0,0,0,0,3,0,0
5343,19,190,0,0,15,0,19:34:06,0.0,0.0,0.0,0,0,0,0,3,0,0
5343,19,191,0,0,15,0,19:34:06,0.0,0.0,0.0,0,0,0,0,3,0,0
5343,19,192,0,0,15,0,19:34:06,0.0,0.0,0.0,0,0,0,0,3,0,0
5343,19,193,0,0,15,0,19:34:07,0.0,0.0,0.0,0,0,0,0,3,0,0
5343,19,193,0,0,15,0,19:34:07,0.0,0.0,0.0,0,0,0,0,3,0,0
5343,20,194,0,0,15,0,19:34:07,0.0,0.0,0.0,0,0,0,0,3,0,0
5343,20,195,0,0,15,0,19:34:07,0.0,0.0,0.0,0,0,0,0,3,0,0
5343,20,196,0,0,15,0,19:34:07,0.0,0.0,0.0,0,0,0,0,3,0,0
5343,20,197,0,0,15,0,19:34:07,0.0,0.0,0.0,0,0,0,0,3,0,0
5343,20,198,0,0,15,0,19:34:07,0.0,0.0,0.0,0,0,0,0,3,0,0
5343,20,199,0,0,15,0,19:34:07,0.0,0.0,0.0,0,0,0,0,3,0,0
5343,20,200,0,0,15,0,19:34:07,0.0,0.0,0.0,0,0,0,0,3,0,0
5343,20,201,0,0,15,0,19:34:07,0.0,0.0,0.0,0,0,0,0,3,0,0
5343,20,202,0,0,15,0,19:34:07,0.0,0.0,0.0,0,0,0,0,3,0,0
5343,20,203,0,0,15,0,19:34:07,0.0,0.0,0.0,0,0,0,0,3,0,0
5343,20,203,0,0,15,0,19:34:07,0.0,0.0,0.0,0,0,0,0,3,0,0
5343,21,204,0,0,15,0,19:34:08,0.0,0.0,0.0,0,0,0,0,3,0,0
5343,21,205,0,0,15,0,19:34:08,0.0,0.0,0.0,0,0,0,0,3,0,0
5343,21,206,0,0,15,0,19:34:08,0.0,0.0,0.0,0,0,0,0,3,0,0
5343,21,207,0,0,15,0,19:34:08,0.0,0.0,0.0,0,0,0,0,3,0,0
5343,21,208,0,0,15,0,19:34:08,0.0,0.0,0.0,0,0,0,0,3,0,0
5343,21,209,0,0,15,0,19:34:08,0.0,0.0,0.0,0,0,0,0,3,0,0
5343,21,210,0,0,15,0,19:34:08,0.0,0.0,0.0,0,0,0,0,3,0,0
5343,21,211,0,0,15,0,19:34:08,0.0,0.0,0.0,0,0,0,0,3,0,0
5343,21,212,0,0,15,0,19:34:08,0.0,0.0,0.0,0,0,0,0,3,0,0
5343,21,213,0,0,15,0,19:34:08,0.0,0.0,0.0,0,0,0,0,3,0,0
5343,21,213,0,0,15,0,19:34:08,0.0,0.0,0.0,0,0,0,0,3,0,0
5343,22,214,0,0,15,0,19:34:09,0.0,0.0,0.0,0,0,0,0,3,0,0
5343,22,215,0,0,15,0,19:34:09,0.0,0.0,0.0,0,0,0,0,3,0,0
5343,22,216,0,0,15,0,19:34:09,0.0,0.0,0.0,0,0,0,0,3,0,0
5343,22,217,0,0,15,0,19:34:09,0.0,0.0,0.0,0,0,0,0,3,0,0
5343,22,218,0,0,15,0,19:34:09,0.0,0.0,0.0,0,0,0,0,3,0,0
5343,22,219,0,0,15,0,19:34:09,0.0,0.0,0.0,0,0,0,0,3,0,0
5343,22,220,0,0,15,0,19:34:09,0.0,0.0,0.0,0,0,0,0,3,0,0
5343,22,221,0,0,15,0,19:34:09,0.0,0.0,0.0,0,0,0,0,3,0,0
5343,22,222,0,0,15,0,19:34:09,0.0,0.0,0.0,0,0,0,0,3,0,0
5343,22,223,0,0,15,0,19:34:09,0.0,0.0,0.0,0,0,5343,22,223,0,0,15,0,19:34:09,0.0,0.0,0.0,0,0,0,0,3,0,0
5343,23,224,0,0,15,0,19:34:10,0.0,0.0,0.0,0,0,0,0,3,0,0
5343,23,225,0,0,15,0,19:34:10,0.0,0.0,0.0,0,0,0,0,3,0,0
5343,23,226,0,0,15,0,19:34:10,0.0,0.0,0.0,0,0,0,0,3,0,0
5343,23,232,0,0,15,0,19:34:10,0.0,0.0,0.0,0,0,0,0,3,0,0
5343,24,234,0,0,15,0,19:34:11,0.0,0.0,0.0,0,0,0,0,3,0,0
5343,24,235,0,0,15,0,19:34:11,0.0,0.0,0.0,0,0,0,0,3,0,0
5343,24,236,0,0,15,0,19:34:11,0.0,0.0,0.0,0,0,0,0,3,0,0
5343,24,237,0,0,15,0,19:34:11,0.0,0.0,0.0,0,0,0,0,3,0,0
5343,24,238,0,0,15,0,19:34:11,0.0,0.0,0.0,0,0,0,0,3,0,0
5343,24,239,0,0,15,0,19:34:11,0.0,0.0,0.0,0,0,0,0,3,0,0
5343,24,240,0,0,15,0,19:34:11,0.0,0.0,0.0,0,0,0.0,0.0,0,0,0,0,3,0,0
5343,30,294,0,0,15,0,19:34:16,0.0,0.0,0.0,0,0,0,0,3,0,0
5343,30,295,0,0,15,0,19:34:16,0.0,0.0,0.0,0,0,0,0,3,0,0
5343,30,296,0,0,15,0,19:34:16,0.0,0.0,0.0,0,0,0,0,3,0,0
5343,30,297,0,0,15,0,19:34:17,0.0,0.0,0.0,0,0,0,0,3,0,0
5343,34,333,0,0,15,0,19:34:20,0.0,0.0,0.0,0,0,0,0,3,0,0
5343,34,334,0,0,15,0,19:34:20,0.0,0.0,0.0,0,0,0,0,3,0,0
5343,34,335,0,0,15,0,19:34:21,0.0,0.0,0.0,0,0,0,0,3,0,0
5343,34,336,0,0,15,0,19:34:21,0.0,0.0,0.0,0,0,0,0,3,0,0
5343,37,368,0,0,15,0,19:34:24,0.0,0.0,0.0,0,0,0,0,3,0,0
5343,37,369,0,0,15,0,19:34:24,0.0,0.0,0.0,0,0,0,0,3,0,0
5343,37,370,0,0,15,0,19:34:24,0.0,0.0,0.0,0,0,0,0,3,0,0
5343,37,371,0,0,15,0,19:34:24,0.3,40,401,0,0,15,0,19:34:27,0.0,0.0,0.0,0,0,0,0,3,0,0
5343,41,402,0,0,15,0,19:34:27,0.0,0.0,0.0,0,0,0,0,3,0,0
5343,41,403,0,0,15,0,19:34:27,0.0,0.0,0.0,0,0,0,0,3,0,0
5343,44,435,0,0,15,0,19:34:30,0.0,0.0,0.0,0,0,0,0,3,0,0
5343,44,436,0,0,15,0,19:34:30,0.0,0.0,0.0,0,0,0,0,3,0,0
5343,44,437,0,0,15,0,19:34:30,0.0,0.0,0.0,0,0,0,0,3,0,0
5343,44,438,0,0,15,0,19:34:30,0.0,0.0,0.0,0,0,0,0,3,0,0
5343,44,439,0,0,15,0,19:34:30,05343,47,469,0,0,15,0,19:34:34,0.0,0.0,0.0,0,0,0,0,3,0,0
5343,48,471,0,0,15,0,19:34:34,0.0,0.0,0.0,0,0,0,0,3,0,0
5343,48,472,0,0,15,0,19:34:34,0.5343,51,503,0,0,15,0,19:34:37,0.0,0.0,0.0,0,0,0,0,3,0,0
5343,51,504,0,0,15,0,19:34:37,0.0,0.0,0.0,0,0,0,0,3,0,0
5343,51,505,0,0,15,0,19:34:37,0.0,0.0,0.0,0,0,0,0,3,0,0
5343,51,506,0,0,15,0,19:34:37,0.0,0.0,0.0,0,0,0,0,3,0,0
5343,51,507,0,0,15,0,19:34:37,0.0,0.0,0.0,0,0,0,0,3,0,0
5343,51,508,0,0,15,0,19:34:38,0.0,0.0,0.0,0,0,0,0,3,0,0
5343,51,509,0,0,15,0,19:34:38,0.0,0.0,0.0,0,0,0,5343,51,509,0,0,15,0,19:34:38,0.0,0.0,0.0,0,0,0,0,3,0,0
5343,52,510,0,0,15,0,19:34:38,0.0,0.0,0.0,0,0,0,0,3,0,0
5343,52,511,0,0,15,0,19:34:38,0.0,0.0,0.0,0,0,0,0,3,0,0
5343,52,512,0,0,15,0,19:34:38,0.0,0.0,0.0,0,0,0,0,3,0,0
5343,52,513,0,0,15,0,19:34:38,0.0,0.0,0.0,0,0,0,0,3,0,0
5343,52,514,0,0,15,0,19:34:38,0.0,0.0,0.0,0,0,0,0,3,0,0
5343,52,515,0,0,15,0,19:34:38,0.0,0.0,0.0,0,0,0,0,3,0,0
5343,52,516,0,0,15,0,19:34:38,0.0,0.0,0.0,0,0,0,0,3,0,0
5343,52,517,0,0,15,0,19:34:38,0.0,0.0,0.0,0,0,0,0,3,0,0
5343,52,518,0,0,15,0,19:34:38,0.0,0.0,0.0,0,0,0,0,3,0,0
5343,53,521,0,0,15,0,19:34:39,0.0,0.0,0.0,0,0,0,0,3,0,0
5343,53,522,0,0,15,0,19:34:39,0.0,0.0,0.0,0,0,0,0,3,0,0
5343,53,523,0,0,15,0,19:34:39,0.0,0.0,0.0,0,0,0,0,3,0,0
5343,53,524,0,0,15,0,19:34:39,0.0,0.0,0.0,0,0,0,0,3,0,0
5343,53,525,0,0,15,0,19:34:39,0.0,0.0,0.0,0,0,0,0,3,0,0
5343,53,526,0,0,15,0,19:34:39,0.0,0.0,0.0,0,0,0,0,3,0,0
5343,53,527,0,0,15,0,19:34:39,0.0,0.0,0.0,0,0,0,0,3,0,0
5343,53,528,0,0,15,0,19:34:39,0.0,0.0,0.0,0,0,0,0,3,0,0
5343,54,530,0,0,15,0,19:34:40,0.0,0.0,0.0,0,0,05343,62,610,0,0,15,0,19:34:48,0.0,0.0,0.0,0,0,0,0,3,0,0
5343,62,611,0,0,15,0,19:34:48,0.0,0.0,0.0,0,0,0,0,3,0,0
5343,62,612,0,0,15,0,19:34:48,0.0,0.0,0.0,0,0,0,0,3,0,0
5343,62,613,0,0,15,0,19:34:48,0.0,0.0,0.0,0,0,0,0,3,0,0
5343,62,614,0,0,15,0,19:34:48,0.5343,66,649,0,0,15,0,19:34:51,0.0,0.0,0.0,3,0,0,0,3,0,0
5343,66,650,0,0,15,0,19:34:51,0.0,0.0,0.0,3,0,0,0,3,0,0
5343,66,651,0,0,15,0,19:34:51,0.0,0.0,0.0,3,0,0,0,3,0,0
5343,66,652,0,0,15,0,19:34:51,0.0,0.0,0.0,3,0,0,0,3,0,0
5343,69,682,0,0,15,0,19:34:55,34.723536,-86.20016,180.0,3,0,0,0,3,0,0
5343,69,683,0,0,15,0,19:34:55,34.723536,-86.20016,180.0,3,0,0,0,3,0,0
5343,69,684,0,0,15,0,19:34:55,34.723536,-865343,69,684,0,0,0,3,0,0
5343,73,710,0,0,15,0,19:34:58,34.723804,-86.20136,214.0,6,0,0,0,3,0,0
5343,73,711,0,0,15,0,19:34:58,34.723804,-86.20136,214.0,6,0,0,0,3,0,0
5343,73,712,0,0,15,0,19:34:59,34.723808,-86.20136,214.0,6,0,0,5343,76,740,0,0,15,0,19:35:02,34.723804,-86.20128,214.0,6,0,0,0,3,0,0
5343,76,741,0,0,15,0,19:35:02,34.723804,-86.20128,214.0,6,0,0,0,3,0,0
5343,77,743,0,0,15,0,19:35:02,34.723804,-86.20128,214.0,6,0,0,0,3,0,0
5343,77,744,0,0,15,0,19:35:02,34.723804,-86.20128,214.0,6,0,0,0,3,0,0
5343,77,745,0,0,15,0,19:35:02,34.723804,-86.20128,214.0,6,0,0,0,3,0,0
5343,77,746,0,0,15,0,19:35:02,34.723804,-86.20128,214.0,6,0,0,0,3,0,0
5343,77,747,0,0,15,0,19:35:03,34.723784,-86.20120,212.0,8,0,0,0,3,0,0
5343,77,748,0,0,15,0,19:35:03,34.723784,-86.20120,212.0,8,0,0,0,3,0,0
5343,77,749,0,0,15,0,19:35:03,34.723784,-86.20120,212.0,8,0,0,0,3,0,0
5343,77,750,0,0,15,0,19:35:03,34.723784,-86.20120,212.0,8,0,0,0,3,0,5343,77,750,0,0,15,0,19:35:03,34.723784,-86.20120,212.0,8,0,0,0,3,0,0
5343,78,751,0,0,15,0,19:35:03,34.723784,-86.20120,212.0,8,0,0,0,3,0,0
5343,78,752,0,0,15,0,19:35:03,34.723784,-86.20120,212.0,8,0,0,0,3,0,0
5343,78,753,0,0,15,0,19:35:03,34.723784,-86.20120,212.0,8,0,0,0,3,0,0
5343,78,754,0,0,15,0,19:35:03,34.,79,762,0,0,15,0,19:35:04,34.723772,-86.20120,210.0,8,0,0,0,3,0,0
5343,79,763,0,0,15,0,19:35:04,34.723772,-86.20120,210.0,8,0,0,0,3,0,0
5343,79,764,0,0,15,0,19:35:05,34.723756,-86.20112,208.0,8,0,0,0,3,0,0
5343,79,765,0,0,15,0,19:35:05,34.723756,-86.20112,208.0,8,0,0,0,3,0,0
5343,79,766,0,0,15,0,19:35:05,34.723756,-86.20112,208.0,8,0,0,0,3,0,0
5343,81,777,0,0,15,0,19:35:06,34.723744,-86.20104,207.0,8,0,0,0,3,0,0
5343,81,778,0,0,15,0,19:35:06,34.723744,-86.20104,207.0,8,0,0,0,3,0,0
5343,81,779,0,0,15,0,19:35:06,34.723744,-86.20104,207.0,8,0,0,0,3,0,0
5343,81,780,0,0,15,0,19:35:06,34.723744,-86.20104,207.0,8,0,0,0,3,0,0
5343,81,781,0,0,15,0,19:35:07,34.723744,-86.20104,207.0,8,0,0,0,3,0,0
5343,81,782,0,0,15,0,19:35:07,34.723744,-86.20104,207.0,8,0,0,0,3,0,0
5343,81,783,0,0,15,0,19:35:07,34.723744,-86.20104,207.0,8,0,0,0,3,0,0
5343,81,783,0,0,15,0,19:35:07,34.723744,-86.20104,207.0,8,0,0,0,3,0,0
5343,82,784,0,0,15,0,19:35:07,34.723744,-86.20104,207.0,8,0,0,0,3,0,0
5343,82,785,0,0,15,0,19:35:07,34.723744,-86.20104,207.0,8,0,0,0,3,0,0
5343,82,786,0,0,15,0,19:35:07,34.723744,-86.20104,207.0,8,0,0,0,3,0,0
5343,82,787,0,0,15,0,19:35:07,34.723744,-86.20104,207.0,8,0,0,0,3,0,0
5343,82,788,0,0,15,0,19:35:07,34.723744,-86.20104,207.0,8,0,0,0,3,0,0
5343,82,789,0,0,15,0,19:35:08,34.723744,-86.20104,207.0,8,0,0,0,3,0,0
5343,82,790,0,0,15,0,19:35:08,34.723732,-86.20104,206.0,8,0,0,0,3,0,0
5343,82,791,0,0,15,0,19:35:08,34.723732,-86.20104,206.0,8,0,0,0,3,0,0
5343,82,792,5343,82,792,0,0,15,0,19:35:08,34.723732,-86.20104,206.0,8,0,0,0,3,0,0
5343,83,793,0,0,15,0,19:35:08,34.723732,-86.20104,206.0,8,0,0,0,3,0,0
5343,83,794,0,0,15,0,19:35:08,34.723732,-86.20104,206.0,8,0,0,0,3,0,0
5343,83,795,0,0,15,0,19:35:08,34.723732,-86.20104,206.0,8,0,0,0,3,0,0
5343,83,796,0,0,15,0,19:35:08,34.723732,-86.20104,206.0,8,0,0,0,3,0,0
5343,83,797,0,0,15,0,19:35:08,34.723732,-86.20104,206.0,8,0,0,0,3,0,0
5343,83,798,0,0,15,0,19:35:09,34.723728,-86.20104,206.0,8,0,0,0,3,0,0
5343,83,799,0,0,15,0,19:35:09,34.723728,-86.20104,205.0,8,0,0,0,3,0,0
5343,83,800,0,0,15,0,19:35:09,34.723725343,83,800,0,0,15,0,19:35:09,34.723728,-86.20104,205.0,8,0,0,0,3,0,0
5343,84,801,0,0,15,0,19:35:09,34.723728,-86.20104,205.0,8,0,0,0,3,0,0
5343,84,802,0,0,15,0,19:35:09,34.723728,-86.20104,205.0,8,0,0,0,3,0,0
5343,84,803,0,0,15,0,19:35:09,34.723728,-86.20104,205.0,8,0,0,0,3,0,0
5343,84,804,0,0,15,0,19:35:09,34.723728,-86.20104,205.0,8,0,0,0,3,0,0
5343,84,805,0,0,15,0,19:35:09,34.723728,-86.20104,205.0,8,0,0,0,3,0,0
5343,84,806,0,0,15,0,19:35:09,34.723728,-86.20104,205.0,8,0,0,0,3,0,0
5343,84,807,0,0,15,0,19:35:10,34.723728,-86.20104,204.0,8,0,0,0,3,0,0
5343,84,808,0,0,15,0,19:35:10,34.723728,-86.20104,204.0,8,0,0,0,35343,84,808,0,0,15,0,19:35:10,34.723728,-86.20104,204.0,8,0,0,0,3,0,0
5343,85,809,0,0,15,0,19:35:10,34.723728,-86.20104,204.0,8,0,0,0,3,0,0
5343,85,810,0,0,15,0,19:35:10,34.723728,-86.20104,204.0,8,0,0,0,3,0,0
5343,85,811,0,0,15,0,19:35:10,34.723728,-86.20104,204.0,8,0,0,0,3,0,0
5343,85,812,0,0,15,0,19:35:10,34.723728,-86.20104,204.0,8,0,0,0,3,0,0
5343,85,813,0,0,15,0,19:35:10,34.723728,-86.20104,204.0,8,0,0,0,3,0,0
5343,85,814,0,0,15,0,19:35:10,34.723728,-86.20104,204.0,8,0,0,0,3,0,0
5343,85,815,0,0,15,0,19:35:11,34.723728,-86.20104,204.0,8,0,0,0,3,0,0
5343,85,816,0,0,15,0,19:35:11,34.723728,-86.20104,204.0,8,0,0,0,3,0,0
5343,85,816,0,0,15,0,19:35:11,34.723728,-86.20104,204.0,8,0,0,0,3,0,0
5343,86,817,0,0,15,0,19:35:11,34.723728,-86.20104,204.0,8,0,0,0,3,0,0
5343,86,818,0,0,15,0,19:35:11,34.723728,-86.20104,204.0,8,0,0,0,3,0,0
5343,86,819,0,0,15,0,19:35:11,34.723728,-86.20104,204.0,8,0,0,0,3,0,0
5343,86,820,0,0,15,0,19:35:11,34.723728,-86.20104,204.0,8,0,0,0,3,0,0
5343,86,821,0,0,15,0,19:35:11,34.723728,-86.20104,204.0,8,0,0,0,3,0,0
5343,86,822,0,0,15,0,19:35:11,34.723728,-86.20104,204.0,8,0,0,0,3,0,0
5343,86,823,0,0,15,0,19:35:11,34.723728,-86.20104,204.0,8,0,0,0,3,0,0
5343,86,824,0,0,15,0,19:35:12,34.723724,-86.20104,204.0,8,0,0,0,3,0,0
5343,87,826,0,0,15,0,19:35:12,34.723724,-86.20104,204.0,8,0,0,0,3,0,0
5343,87,827,0,0,15,0,19:35:12,34.723724,-86.20104,204.0,8,0,0,0,3,0,0
5343,87,828,0,0,15,0,19:35:12,34.723724,-86.20104,204.0,8,0,0,0,3,0,0
5343,87,829,0,0,15,0,19:35:12,34.723724,-86.20104,204.0,8,0,0,0,3,0,0
5343,87,830,0,0,15,0,19:35:12,34.723724,-86.20104,204.0,8,0,0,0,3,0,0
5343,87,831,0,0,15,0,19:35:12,34.723724,-86.20104,204.0,8,0,0,0,3,0,0
5343,87,832,0,0,15,0,19:35:13,34.723724,-86.20104,204.0,8,0,0,0,3,0,0
5343,87,833,0,0,15,0,19:35:13,34.723724,-86.20104,25343,87,833,0,0,15,0,19:35:13,34.723724,-86.20104,204.0,8,0,0,0,3,0,0
5343,88,834,0,0,15,0,19:35:13,34.723724,-86.20104,204.0,8,0,0,0,3,0,0
5343,88,835,0,0,15,0,19:35:13,34.723724,-86.20104,204.0,8,0,0,0,3,0,0
5343,88,836,0,0,15,0,19:35:13,34.723724,-86.20104,204.0,8,0,0,0,3,0,0
5343,88,837,0,0,15,0,19:35:13,34.723724,-86.20104,204.0,8,0,0,0,3,0,0
5343,88,838,0,0,15,0,19:35:13,34.723724,-86.20104,204.0,8,0,0,0,3,0,0
5343,88,839,0,0,15,0,19:35:13,34.723724,-86.20104,204.0,8,0,0,0,3,0,0
5343,88,840,0,0,15,0,19:35:13,34.723724,-86.20104,204.0,8,0,0,0,3,0,0
5343,88,841,0,0,15,0,19:35:14,34.723724,-86.20096,204.0,7,0,0,0,3,0,0
5343,88,841,0,0,15,0,19:35:14,34.723724,-86.20096,204.0,7,0,0,0,3,0,0
5343,89,842,0,0,15,0,19:35:14,34.723724,-86.20096,204.0,7,0,0,0,3,0,0
5343,89,843,0,0,15,0,19:35:14,34.723724,-86.20096,204.0,7,0,0,0,3,0,0
5343,89,844,0,0,15,0,19:35:14,34.723724,-86.20096,204.0,7,0,0,0,3,0,0
5343,89,845,0,0,15,0,19:35:14,34.723724,-86.20096,204.0,7,0,0,0,3,0,0
5343,89,846,0,0,15,0,19:35:14,34.723724,-86.20096,204.0,7,0,0,0,3,0,0
5343,89,847,0,0,15,0,19:35:14,34.723724,-86.20096,204.0,7,0,0,0,3,0,0
5343,89,848,0,0,15,0,19:35:14,34.723724,-86.20096,204.0,7,0,0,0,3,0,0
5343,89,849,0,0,15,0,19:35:15,34.723724,-86.20096,204.0,7,0,0,0,3,0,0
5343,90,851,0,0,15,0,19:35:15,34.723724,-86.20096,204.0,8,0,0,0,3,0,0
5343,90,852,0,0,15,0,19:35:15,34.723724,-86.20096,204.0,8,0,0,0,3,0,0
5343,90,853,0,0,15,0,19:35:15,34.723724,-86.20096,204.0,8,0,0,0,3,0,0
5343,90,854,0,0,15,0,19:35:15,34.723724,-86.20096,204.0,8,0,0,0,3,0,0
5343,90,855,0,0,15,0,19:35:15,34.723724,-86.20096,204.0,8,0,0,0,3,0,0
5343,90,856,0,0,15,0,19:35:15,34.723724,-86.20096,204.0,8,0,0,0,3,0,0
5343,90,857,0,0,15,0,19:35:15,34.723724,-86.20096,204.0,8,0,0,0,3,0,0
5343,90,858,0,0,15,0,19:35:16,34.72375343,90,858,0,0,15,0,19:35:16,34.723724,-86.20096,204.0,8,0,0,0,3,0,0
5343,91,859,0,0,15,0,19:35:16,34.723724,-86.20096,204.0,8,0,0,0,3,0,0
5343,91,860,0,0,15,0,19:35:16,34.723724,-86.20096,204.0,8,0,0,0,3,0,0
5343,91,861,0,0,15,0,19:35:16,34.723724,-86.20096,204.0,8,0,0,0,3,0,0
5343,91,862,0,0,15,0,19:35:16,34.723724,-86.20096,204.0,8,0,0,0,3,0,0
5343,91,863,0,0,15,0,19:35:16,34.723724,-86.20096,204.0,8,0,0,0,3,0,0
5343,91,864,0,0,15,0,19:35:16,34.723724,-86.20096,204.0,8,0,0,0,3,0,0
5343,91,865,0,0,15,0,19:35:16,34.723724,-86.20096,204.0,8,0,0,0,3,0,0
5343,91,866,0,0,15,0,19:35:16,34.723724,-86.20096,204.0,8,0,0,0,5343,91,866,0,0,15,0,19:35:16,34.723724,-86.20096,204.0,8,0,0,0,3,0,0
5343,92,867,0,0,15,0,19:35:17,34.723724,-86.20096,204.0,8,0,0,0,3,0,0
5343,92,868,0,0,15,0,19:35:17,34.723724,-86.20096,204.0,8,0,0,0,3,0,0
5343,92,869,0,0,15,0,19:35:17,34.723724,-86.20096,204.0,8,0,0,0,3,0,0
5343,92,870,0,0,15,0,19:35:17,34.723724,-86.20096,204.0,8,0,0,0,3,0,0
5343,92,871,0,0,15,0,19:35:17,34.723724,-86.20096,204.0,8,0,0,0,3,0,0
5343,92,872,0,0,15,0,19:35:17,34.723724,-86.20096,204.0,8,0,0,0,3,0,0
5343,92,873,0,0,15,0,19:35:17,34.723724,-86.20096,204.0,8,0,0,0,3,0,0
5343,92,874,0,0,15,0,19:35:17,34.723724,-86.20096,204.0,8,0,0,0,3,0,0
5343,92,874,0,0,15,0,19:35:17,34.723724,-86.20096,204.0,8,0,0,0,3,0,0
5343,93,875,0,0,15,0,19:35:18,34.723728,-86.20096,204.0,8,0,0,0,3,0,0
5343,93,876,0,0,15,0,19:35:18,34.723728,-86.20096,204.0,8,0,0,0,3,0,0
5343,93,877,0,0,15,0,19:35:18,34.723728,-86.20096,204.0,8,0,0,0,3,0,0
5343,93,878,0,0,15,0,19:35:18,34.723728,-86.20096,204.0,8,0,0,0,3,0,0
5343,93,879,0,0,15,0,19:35:18,34.723728,-86.20096,204.0,8,0,0,0,3,0,0
5343,93,880,0,0,15,0,19:35:18,34.723728,-86.20096,204.0,8,0,0,0,3,0,0
5343,93,881,0,0,15,0,19:35:18,34.723728,-86.20096,204.0,8,0,0,0,3,0,0
5343,93,882,0,0,15,0,19:35:18,34.723728,-86.20096,204.0,8,0,0,0,3,0,0
5343,94,884,0,0,15,0,19:35:19,34.723728,-86.20096,204.0,8,0,0,0,3,0,0
5343,94,885,0,0,15,0,19:35:19,34.723728,-86.20096,204.0,8,0,0,0,3,0,0
5343,94,886,0,0,15,0,19:35:19,34.723728,-86.20096,204.0,8,0,0,0,3,0,0
5343,94,887,0,0,15,0,19:35:19,34.723728,-86.20096,204.0,8,0,0,0,3,0,0
5343,94,888,0,0,15,0,19:35:19,34.723728,-86.20096,204.0,8,0,0,0,3,0,0
5343,94,889,0,0,15,0,19:35:19,34.723728,-86.20096,204.0,8,0,0,0,3,0,0
5343,94,890,0,0,15,0,19:35:19,34.723728,-86.20096,204.0,8,0,0,0,3,0,0
5343,94,891,0,0,15,0,19:35:19,34.723728,-86.20096,5343,94,891,0,0,15,0,19:35:19,34.723728,-86.20096,204.0,8,0,0,0,3,0,0
5343,95,892,0,0,15,0,19:35:20,34.723728,-86.20088,204.0,8,0,0,0,3,0,0
5343,95,893,0,0,15,0,19:35:20,34.723728,-86.20088,204.0,8,0,0,0,3,0,0
5343,95,894,0,0,15,0,19:35:20,34.723728,-86.20088,204.0,8,0,0,0,3,0,0
5343,95,895,0,0,15,0,19:35:20,34.723728,-86.20088,204.0,8,0,0,0,3,0,0
5343,95,896,0,0,15,0,19:35:20,34.723728,-86.20088,204.0,8,0,0,0,3,0,0
5343,95,897,0,0,15,0,19:35:20,34.723728,-86.20088,204.0,8,0,0,0,3,0,0
5343,95,898,0,0,15,0,19:35:20,34.723728,-86.20088,204.0,8,0,0,0,3,0,0
5343,95,899,0,0,15,0,19:35:20,34.723728,-86.20088,204.0,8,0,0,0,3,0,0
5343,95,899,0,0,15,0,19:35:20,34.723728,-86.20088,204.0,8,0,0,0,3,0,0
5343,96,900,0,0,15,0,19:35:21,34.723728,-86.20088,204.0,8,0,0,0,3,0,0
5343,96,901,0,0,15,0,19:35:21,34.723728,-86.20088,204.0,8,0,0,0,3,0,0
5343,96,902,0,0,15,0,19:35:21,34.723728,-86.20088,204.0,8,0,0,0,3,0,0
5343,96,903,0,0,15,0,19:35:21,34.723728,-86.20088,204.0,8,0,0,0,3,0,0
5343,96,904,0,0,15,0,19:35:21,34.723728,-86.20088,204.0,8,0,0,0,3,0,0
5343,96,905,0,0,15,0,19:35:21,34.723728,-86.20088,204.0,8,0,0,0,3,0,0
5343,96,906,0,0,15,0,19:35:21,34.723728,-86.20088,204.0,8,0,0,0,3,0,0
5343,96,907,0,0,15,0,19:35:21,34.723728,-86.20088,204.0,8,0,0,0,3,0,0
5343,97,909,0,0,15,0,19:35:22,34.723732,-86.20080,204.0,8,0,0,0,3,0,0
5343,97,910,0,0,15,0,19:35:22,34.723732,-86.20080,204.0,8,0,0,0,3,0,0
5343,97,911,0,0,15,0,19:35:22,34.723732,-86.20080,204.0,8,0,0,0,3,0,0
5343,97,912,0,0,15,0,19:35:22,34.723732,-86.20080,204.0,8,0,0,0,3,0,0
5343,97,913,0,0,15,0,19:35:22,34.723732,-86.20080,204.0,8,0,0,0,3,0,0
5343,97,914,0,0,15,0,19:35:22,34.723732,-86.20080,204.0,8,0,0,0,3,0,0
5343,97,915,0,0,15,0,19:35:22,34.723732,-86.20080,204.0,8,0,0,0,3,0,0
5343,97,916,0,0,15,0,19:35:22,34.7235343,97,916,0,0,15,0,19:35:22,34.723732,-86.20080,204.0,8,0,0,0,3,0,0
5343,98,917,0,0,15,0,19:35:23,34.723732,-86.20080,204.0,8,0,0,0,3,0,0
5343,98,918,0,0,15,0,19:35:23,34.723732,-86.20080,204.0,8,0,0,0,3,0,0
5343,98,919,0,0,15,0,19:35:23,34.723732,-86.20080,204.0,8,0,0,0,3,0,0
5343,98,920,0,0,15,0,19:35:23,34.723732,-86.20080,204.0,8,0,0,0,3,0,0
5343,98,921,0,0,15,0,19:35:23,34.723732,-86.20080,204.0,8,0,0,0,3,0,0
5343,98,922,0,0,15,0,19:35:23,34.723732,-86.20080,204.0,8,0,0,0,3,0,0
5343,98,923,0,0,15,0,19:35:23,34.723732,-86.20080,204.0,8,0,0,0,3,0,0
5343,98,924,0,0,15,0,19:35:23,34.723732,-86.20080,204.0,8,0,0,5343,98,924,0,0,15,0,19:35:23,34.723732,-86.20080,204.0,8,0,0,0,3,0,0
5343,99,925,0,0,15,0,19:35:23,34.723732,-86.20080,204.0,8,0,0,0,3,0,0
5343,99,926,0,0,15,0,19:35:24,34.723732,-86.20080,204.0,8,0,0,0,3,0,0
5343,99,927,0,0,15,0,19:35:24,34.723732,-86.20080,204.0,8,0,0,0,3,0,0
5343,99,928,0,0,15,0,19:35:24,34.723732,-86.20080,204.0,8,0,0,0,3,0,0
5343,99,929,0,0,15,0,19:35:24,34.723732,-86.20080,204.0,8,0,0,0,3,0,0
5343,99,930,0,0,15,0,19:35:24,34.723732,-86.20080,204.0,8,0,0,0,3,0,0
5343,99,931,0,0,15,0,19:35:24,34.723732,-86.20080,204.0,8,0,0,0,3,0,0
5343,99,932,0,0,15,0,19:35:24,34.723732,-86.20080,204.0,8,0,0,0,3,0,0
5343,99,932,0,0,15,0,19:35:24,34.723732,-86.20080,204.0,8,0,0,0,3,0,0
5343,100,933,0,0,15,0,19:35:24,34.723732,-86.20080,204.0,8,0,0,0,3,0,0
5343,100,934,0,0,15,0,19:35:25,34.723732,-86.20080,204.0,8,0,0,0,3,0,0
5343,100,935,0,0,15,0,19:35:25,34.723732,-86.20080,204.0,8,0,0,0,3,0,0
5343,100,936,0,0,15,0,19:35:25,34.723732,-86.20080,204.0,8,0,0,0,3,0,0
5343,100,937,0,0,15,0,19:35:25,34.723732,-86.20080,204.0,8,0,0,0,3,0,0
5343,100,938,0,0,15,0,19:35:25,34.723732,-86.20080,204.0,8,0,0,0,3,0,0
5343,100,939,0,0,15,0,19:35:25,34.723732,-86.20080,204.0,8,0,0,0,3,0,0
5343,100,940,0,0,15,0,19:35:25,34.723732,-86.20080,204.0,8,0,0,0,3,0,0
5343,100,941,5343,100,941,0,0,15,0,19:35:25,34.723732,-86.20080,204.0,8,0,0,0,3,0,0
5343,101,942,0,0,15,0,19:35:25,34.723732,-86.20080,204.0,8,0,0,0,3,0,0
5343,101,943,0,0,15,0,19:35:26,34.723732,-86.20080,204.0,8,0,0,0,3,0,0
5343,101,944,0,0,15,0,19:35:26,34.723732,-86.20080,204.0,8,0,0,0,3,0,0
5343,101,945,0,0,15,0,19:35:26,34.723732,-86.20080,204.0,8,0,0,0,3,0,0
5343,101,946,0,0,15,0,19:35:26,34.723732,-86.20080,204.0,8,0,0,0,3,0,0
5343,101,947,0,0,15,0,19:35:26,34.723732,-86.20080,204.0,8,0,0,0,3,0,0
5343,101,948,0,0,15,0,19:35:26,34.723732,-86.20080,204.0,8,0,0,0,3,0,0
5343,101,949,0,0,15,0,19:35:26,5343,101,949,0,0,15,0,19:35:26,34.723732,-86.20080,204.0,8,0,0,0,3,0,0
5343,102,950,0,0,15,0,19:35:26,34.723732,-86.20080,204.0,8,0,0,0,3,0,0
5343,102,951,0,0,15,0,19:35:27,34.723732,-86.20080,204.0,8,0,0,0,3,0,0
5343,102,952,0,0,15,0,19:35:27,34.723732,-86.20080,204.0,9,0,0,0,3,0,0
5343,102,953,0,0,15,0,19:35:27,34.723732,-86.20080,204.0,9,0,0,0,3,0,0
5343,102,954,0,0,15,0,19:35:27,34.723732,-86.20080,204.0,9,0,0,0,3,0,0
5343,102,955,0,0,15,0,19:35:27,34.723732,-86.20080,204.0,9,0,0,0,3,0,0
5343,102,956,0,0,15,0,19:35:27,34.723732,-86.20080,204.0,9,0,0,0,3,0,0
5343,103,958,0,0,15,0,19:35:27,34.723732,-86.20080,204.0,9,0,0,0,3,0,0
5343,103,959,0,0,15,0,19:35:27,34.723732,-86.20080,204.0,9,0,0,0,3,0,0
5343,103,960,0,0,15,0,19:35:28,34.723732,-86.20080,204.0,9,0,0,0,3,0,0
5343,103,961,0,0,15,0,19:35:28,34.723732,-86.20080,204.0,9,0,0,0,3,0,0
5343,103,962,0,0,15,0,19:35:28,34.723732,-86.20080,204.0,9,0,0,0,3,0,0
5343,103,963,0,0,15,0,19:35:28,34.723732,-86.20080,204.0,9,0,0,0,3,0,0
5343,103,964,0,0,15,0,19:35:28,34.723732,-86.20080,204.0,9,0,0,0,3,0,0
5343,103,965,0,0,15,0,19:35:28,34.723732,-86.20080,204.0,9,0,0,0,35343,103,965,0,0,15,0,19:35:28,34.723732,-86.20080,204.0,9,0,0,0,3,0,0
5343,104,966,0,0,15,0,19:35:28,34.723732,-86.20080,204.0,9,0,0,0,3,0,0
5343,104,967,0,0,15,0,19:35:28,34.723732,-86.20080,204.0,9,0,0,0,3,0,0
5343,104,968,0,0,15,0,19:35:29,34.723732,-86.20080,204.0,9,0,0,0,3,0,0
5343,104,969,0,0,15,0,19:35:29,34.723732,-86.20080,204.0,9,0,0,0,3,0,0
5343,104,970,0,0,15,0,19:35:29,34.723732,-86.20080,204.0,9,0,0,0,3,0,0
5343,104,971,0,0,15,0,19:35:29,34.723732,-86.20080,204.0,9,0,0,0,3,0,0
5343,104,972,0,0,15,0,19:35:29,34.723732,-86.20080,204.0,9,0,0,0,3,0,0
5343,104,973,0,0,15,0,19:35:29,34.723732,-86.20080,204.0,9,0,0,0,3,0,0
5343,104,973,0,0,15,0,19:35:29,34.723732,-86.20080,204.0,9,0,0,0,3,0,0
5343,105,974,0,0,15,0,19:35:29,34.723732,-86.20080,204.0,9,0,0,0,3,0,0
5343,105,975,0,0,15,0,19:35:29,34.723732,-86.20080,204.0,9,0,0,0,3,0,0
5343,105,976,0,0,15,0,19:35:29,34.723732,-86.20080,204.0,9,0,0,0,3,0,0
5343,105,977,0,0,15,0,19:35:30,34.723732,-86.20080,204.0,9,0,0,0,3,0,0
5343,105,978,0,0,15,0,19:35:30,34.723732,-86.20080,204.0,9,0,0,0,3,0,0
5343,105,979,0,0,15,0,19:35:30,34.723732,-86.20080,204.0,9,0,0,0,3,0,0
5343,105,980,0,0,15,0,19:35:30,34.723732,-86.20080,204.0,9,0,0,0,3,0,0
5343,105,981,0,0,15,0,19:35:30,34.723732,-86.20080,204.0,9,0,0,0,3,0,0
5343,106,983,0,0,15,0,19:35:30,34.723732,-86.20080,204.0,9,0,0,0,3,0,0
5343,106,984,0,0,15,0,19:35:30,34.723732,-86.20080,204.0,9,0,0,0,3,0,0
5343,106,985,0,0,15,0,19:35:31,34.723732,-86.20080,204.0,9,0,0,0,3,0,0
5343,106,986,0,0,15,0,19:35:31,34.723732,-86.20080,204.0,9,0,0,0,3,0,0
5343,106,987,0,0,15,0,19:35:31,34.723732,-86.20080,204.0,9,0,0,0,3,0,0
5343,106,988,0,0,15,0,19:35:31,34.723732,-86.20080,204.0,9,0,0,0,3,0,0
5343,106,989,0,0,15,0,19:35:31,34.723732,-86.20080,204.0,9,0,0,0,3,0,0
5343,107,991,0,0,15,0,19:35:31,34.723732,-86.20080,204.0,9,0,0,0,3,0,0
5343,107,992,0,0,15,0,19:35:31,34.723732,-86.20080,204.0,9,0,0,0,3,0,0
5343,107,993,0,0,15,0,19:35:31,34.723732,-86.20080,204.0,9,0,0,0,3,0,0
5343,107,994,0,0,15,0,19:35:32,34.723732,-86.20080,204.0,9,0,0,0,3,0,0
5343,107,995,0,0,15,0,19:35:32,34.723732,-86.20080,204.0,9,0,0,0,3,0,0
5343,107,996,0,0,15,0,19:35:32,34.723732,-86.20080,204.0,9,0,0,0,3,0,0
5343,107,997,0,0,15,0,19:35:32,34.723732,-86.20080,204.0,9,0,0,0,3,0,0
5343,108,999,0,0,15,0,19:35:32,34.723732,-86.20080,204.0,9,0,0,0,3,0,0
5343,108,1000,0,0,15,0,19:35:32,34.723732,-86.20080,204.0,9,0,0,0,3,0,0
5343,108,1001,0,0,15,0,19:35:32,34.723732,-86.20080,204.0,9,0,0,0,3,0,0
5343,108,1002,0,0,15,0,19:35:33,34.723732,-86.20080,204.0,9,0,0,0,3,0,0
5343,108,1003,0,0,15,0,19:35:33,34.723732,-86.20080,204.0,9,0,0,0,3,0,0
5343,108,1004,0,0,15,0,19:35:33,34.723732,-86.20080,204.0,9,0,0,0,3,0,0
5343,108,1005,0,0,15,0,19:35:33,34.723732,-86.20080,204.0,9,0,0,0,3,0,0
5343,108,1006,0,0,15,0,19:35:33,34.723732,-86.20080,25343,108,1006,0,0,15,0,19:35:33,34.723732,-86.20080,204.0,9,0,0,0,3,0,0
5343,109,1007,0,0,15,0,19:35:33,34.723732,-86.20080,204.0,9,0,0,0,3,0,0
5343,109,1008,0,0,15,0,19:35:33,34.723732,-86.20080,204.0,9,0,0,0,3,0,0
5343,109,1009,0,0,15,0,19:35:33,34.723732,-86.20080,204.0,9,0,0,0,3,0,0
5343,109,1010,0,0,15,0,19:35:34,34.723732,-86.20080,204.0,9,0,0,0,3,0,0
5343,109,1011,0,0,15,0,19:35:34,34.723732,-86.20080,204.0,9,0,0,0,3,0,0
5343,109,1012,0,0,15,0,19:35:34,34.723732,-86.20080,204.0,9,0,0,0,3,0,0
5343,109,1013,0,0,15,0,19:35:34,34.723732,-86.20080,204.0,9,0,0,0,3,0,0
5343,109,1014,0,0,15,0,19:35:34,34.723732,-86.20080,204.0,9,05343,109,1014,0,0,15,0,19:35:34,34.723732,-86.20080,204.0,9,0,0,0,3,0,0
5343,110,1015,0,0,15,0,19:35:34,34.723732,-86.20080,204.0,9,0,0,0,3,0,0
5343,110,1016,0,0,15,0,19:35:34,34.723732,-86.20080,204.0,9,0,0,0,3,0,0
5343,110,1017,0,0,15,0,19:35:34,34.723732,-86.20080,204.0,9,0,0,0,3,0,0
5343,110,1018,0,0,15,0,19:35:34,34.723732,-86.20080,204.0,9,0,0,0,3,0,0
5343,110,1019,0,0,15,0,19:35:35,34.723732,-86.20080,204.0,9,0,0,0,3,0,0
5343,110,1020,0,0,15,0,19:35:35,34.723732,-86.20080,204.0,9,0,0,0,3,0,0
5343,110,1021,0,0,15,0,19:35:35,34.723732,-86.20080,204.0,9,0,0,0,3,0,0
5343,110,1022,0,0,15,0,19:35:35,34.723732,-86.20080,204.0,9,0,0,0,3,05343,110,1022,0,0,15,0,19:35:35,34.723732,-86.20080,204.0,9,0,0,0,3,0,0
5343,111,1023,0,0,15,0,19:35:35,34.723732,-86.20080,204.0,9,0,0,0,3,0,0
5343,111,1024,0,0,15,0,19:35:35,34.723732,-86.20080,204.0,9,0,0,0,3,0,0
5343,111,1025,0,0,15,0,19:35:35,34.723732,-86.20080,204.0,9,0,0,0,3,0,0
5343,111,1026,0,0,15,0,19:35:35,34.723732,-86.20080,204.0,9,0,0,0,3,0,0
5343,111,1027,0,0,15,0,19:35:36,34.723732,-86.20080,204.0,9,0,0,0,3,0,0
5343,111,1028,0,0,15,0,19:35:36,34.723732,-86.20080,204.0,9,0,0,0,3,0,0
5343,111,1029,0,0,15,0,19:35:36,34.723732,-86.20080,204.0,9,0,0,0,3,0,0
5343,111,1030,0,0,15,0,19:35:36,34.723732,-86.20080,204.0,9,0,0,0,3,0,0
5343,111,1030,0,0,15,0,19:35:36,34.723732,-86.20080,204.0,9,0,0,0,3,0,0
5343,112,1031,0,0,15,0,19:35:36,34.723732,-86.20080,204.0,9,0,0,0,3,0,0
5343,112,1032,0,0,15,0,19:35:36,34.723732,-86.20080,204.0,9,0,0,0,3,0,0
5343,112,1033,0,0,15,0,19:35:36,34.723732,-86.20080,204.0,9,0,0,0,3,0,0
5343,112,1034,0,0,15,0,19:35:36,34.723732,-86.20080,204.0,9,0,0,0,3,0,0
5343,112,1035,0,0,15,0,19:35:36,34.723732,-86.20080,204.0,9,0,0,0,3,0,0
5343,112,1036,0,0,15,0,19:35:37,34.723732,-86.20080,204.0,9,0,0,0,3,0,0
5343,112,1037,0,0,15,0,19:35:37,34.723732,-86.20080,204.0,9,0,0,0,3,0,0
5343,112,1038,0,0,15,0,19:35:37,34.723732,-86.20080,204.0,9,0,0,0,3,0,0
5343,112,1038,0,0,15,0,19:35:37,34.723732,-86.20080,204.0,9,0,0,0,3,0,0
5343,113,1039,0,0,15,0,19:35:37,34.723732,-86.20080,204.0,9,0,0,0,3,0,0
5343,113,1040,0,0,15,0,19:35:37,34.723732,-86.20080,204.0,9,0,0,0,3,0,0
5343,113,1041,0,0,15,0,19:35:37,34.723732,-86.20080,204.0,9,0,0,0,3,0,0
5343,113,1042,0,0,15,0,19:35:37,34.723732,-86.20080,204.0,9,0,0,0,3,0,0
5343,113,1043,0,0,15,0,19:35:37,34.723732,-86.20080,204.0,9,0,0,0,3,0,0
5343,113,1044,0,0,15,0,19:35:38,34.723732,-86.20080,204.0,9,0,0,0,3,0,0
5343,113,1045,0,0,15,0,19:35:38,34.723732,-86.20080,204.0,9,0,0,0,3,0,0
5343,113,1046,0,0,15,0,19:35:38,34.723732,-86.20080,204.0,9,0,0,0,3,0,0
5343,113,1047,0,0,15,0,19:35:38,34.723732,-86.20080,204.0,9,0,0,0,3,0,0
5343,113,1047,0,0,15,0,19:35:38,34.723732,-86.20080,204.0,9,0,0,0,3,0,0
5343,114,1048,0,0,15,0,19:35:38,34.723732,-86.20080,204.0,9,0,0,0,3,0,0
5343,114,1049,0,0,15,0,19:35:38,34.723732,-86.20080,204.0,9,0,0,0,3,0,0
5343,114,1050,0,0,15,0,19:35:38,34.723732,-86.20080,204.0,9,0,0,0,3,0,0
5343,114,1051,0,0,15,0,19:35:38,34.723732,-86.20080,204.0,9,0,0,0,3,0,0
5343,114,1052,0,0,15,0,19:35:39,34.723732,-86.20080,204.0,9,0,0,0,3,0,0
5343,114,1053,0,0,15,0,19:35:39,34.723732,-86.20080,204.0,9,0,0,0,3,0,0
5343,114,1054,0,0,15,0,19:35:39,34.723732,-86.20080,204.0,9,0,0,0,3,0,0
5343,115,1056,0,0,15,0,19:35:39,34.723732,-86.20080,204.0,9,0,0,0,3,0,0
5343,115,1057,0,0,15,0,19:35:39,34.723732,-86.20080,204.0,9,0,0,0,3,0,0
5343,115,1058,0,0,15,0,19:35:39,34.723732,-86.20080,204.0,9,0,0,0,3,0,0
5343,115,1059,0,0,15,0,19:35:39,34.723732,-86.20080,204.0,9,0,0,0,3,0,0
5343,115,1060,0,0,15,0,19:35:39,34.723732,-86.20080,204.0,9,0,0,0,3,0,0
5343,115,1061,0,0,15,0,19:35:40,34.723732,-86.20080,204.0,9,0,0,0,3,0,0
5343,115,1062,0,0,15,0,19:35:40,34.723732,-86.20080,204.0,9,0,0,0,3,0,0
5343,116,1064,0,0,15,0,19:35:40,34.723732,-86.20080,204.0,9,0,0,0,3,0,0
5343,116,1065,0,0,15,0,19:35:40,34.723732,-86.20080,204.0,9,0,0,0,3,0,0
5343,116,1066,0,0,15,0,19:35:40,34.723732,-86.20080,204.0,9,0,0,0,3,0,0
5343,116,1067,0,0,15,0,19:35:40,34.723732,-86.20080,204.0,9,0,0,0,3,0,0
5343,116,1068,0,0,15,0,19:35:40,34.723732,-86.20080,204.0,9,0,0,0,3,0,0
5343,116,1069,0,0,15,0,19:35:41,34.723732,-86.20080,204.0,9,0,0,0,3,0,0
5343,116,1070,0,0,15,0,19:35:41,34.723732,-86.20080,204.0,9,0,0,0,3,0,0
5343,117,1072,0,0,15,0,19:35:41,34.723732,-86.20080,204.0,9,0,0,0,3,0,0
5343,117,1073,0,0,15,0,19:35:41,34.723732,-86.20080,204.0,9,0,0,0,3,0,0
5343,117,1074,0,0,15,0,19:35:41,34.723732,-86.20080,204.0,9,0,0,0,3,0,0
5343,117,1075,0,0,15,0,19:35:41,34.723732,-86.20080,204.0,9,0,0,0,3,0,0
5343,117,1076,0,0,15,0,19:35:41,34.723732,-86.20080,204.0,9,0,0,0,3,0,0
5343,117,1077,0,0,15,0,19:35:42,34.723732,-86.20080,204.0,9,0,0,0,3,0,0
5343,117,1078,0,0,15,0,19:35:42,34.723732,-86.20080,204.0,9,0,0,0,3,0,0
5343,117,1079,0,0,15,0,19:35:42,34.75343,117,1079,0,0,15,0,19:35:42,34.723732,-86.20080,204.0,9,0,0,0,3,0,0
5343,118,1080,0,0,15,0,19:35:42,34.723732,-86.20080,204.0,9,0,0,0,3,0,0
5343,118,1081,0,0,15,0,19:35:42,34.723732,-86.20080,204.0,9,0,0,0,3,0,0
5343,118,1082,0,0,15,0,19:35:42,34.723732,-86.20080,204.0,9,0,0,0,3,0,0
5343,118,1083,0,0,15,0,19:35:42,34.723732,-86.20080,204.0,9,0,0,0,3,0,0
5343,118,1084,0,0,15,0,19:35:42,34.723732,-86.20080,204.0,9,0,0,0,3,0,0
5343,118,1085,0,0,15,0,19:35:43,34.723732,-86.20080,204.0,9,0,0,0,3,0,0
5343,118,1086,0,0,15,0,19:35:43,34.723732,-86.20080,204.0,9,0,0,0,3,0,0
5343,119,1088,0,0,15,0,19:35:43,34.723732,-86.20080,204.0,9,0,0,0,3,0,0
5343,119,1089,0,0,15,0,19:35:43,34.723732,-86.20080,204.0,9,0,0,0,3,0,0
5343,119,1090,0,0,15,0,19:35:43,34.723732,-86.20080,204.0,9,0,0,0,3,0,0
5343,119,1091,0,0,15,0,19:35:43,34.723732,-86.20080,204.0,9,0,0,0,3,0,0
5343,119,1092,0,0,15,0,19:35:43,34.723732,-86.20080,204.0,9,0,0,0,3,0,0
5343,119,1093,0,0,15,0,19:35:43,34.723732,-86.20080,204.0,9,0,0,0,3,0,0
5343,119,1094,0,0,15,0,19:35:44,34.723732,-86.20080,204.0,9,0,0,0,3,0,0
5343,119,1095,0,0,15,0,19:35:44,34.723732,-86.20080,25343,119,1095,0,0,15,0,19:35:44,34.723732,-86.20080,204.0,9,0,0,0,3,0,0
5343,120,1096,0,0,15,0,19:35:44,34.723732,-86.20080,204.0,9,0,0,0,3,0,0
5343,120,1097,0,0,15,0,19:35:44,34.723732,-86.20080,204.0,9,0,0,0,3,0,0
5343,120,1098,0,0,15,0,19:35:44,34.723732,-86.20080,204.0,9,0,0,0,3,0,0
5343,120,1099,0,0,15,0,19:35:44,34.723732,-86.20080,204.0,9,0,0,0,3,0,0
5343,120,1100,0,0,15,0,19:35:44,34.723732,-86.20080,204.0,9,0,0,0,3,0,0
5343,120,1101,0,0,15,0,19:35:44,34.723732,-86.20080,204.0,9,0,0,0,3,0,0
5343,120,1102,0,0,15,0,19:35:45,34.723732,-86.20080,204.0,9,0,0,0,3,0,0
5343,120,1103,0,0,15,0,19:35:45,34.723732,-86.20080,204.0,9,05343,120,1103,0,0,15,0,19:35:45,34.723732,-86.20080,204.0,9,0,0,0,3,0,0
5343,121,1104,0,0,15,0,19:35:45,34.723732,-86.20080,204.0,9,0,0,0,3,0,0
5343,121,1105,0,0,15,0,19:35:45,34.723732,-86.20080,204.0,9,0,0,0,3,0,0
5343,121,1106,0,0,15,0,19:35:45,34.723732,-86.20080,204.0,9,0,0,0,3,0,0
5343,121,1107,0,0,15,0,19:35:45,34.723732,-86.20080,204.0,9,0,0,0,3,0,0
5343,121,1108,0,0,15,0,19:35:45,34.723732,-86.20080,204.0,9,0,0,0,3,0,0
5343,121,1109,0,0,15,0,19:35:45,34.723732,-86.20080,204.0,9,0,0,0,3,0,0
5343,121,1110,0,0,15,0,19:35:45,34.723732,-86.20080,204.0,9,0,0,0,3,0,0
5343,121,1111,0,0,15,0,19:35:46,34.723732,-86.20080,204.0,9,0,0,0,3,0,5343,121,1111,0,0,15,0,19:35:46,34.723732,-86.20080,204.0,9,0,0,0,3,0,0
5343,122,1112,0,0,15,0,19:35:46,34.723732,-86.20080,204.0,9,0,0,0,3,0,0
5343,122,1113,0,0,15,0,19:35:46,34.723732,-86.20080,204.0,9,0,0,0,3,0,0
5343,122,1114,0,0,15,0,19:35:46,34.723732,-86.20080,204.0,9,0,0,0,3,0,0
5343,122,1115,0,0,15,0,19:35:46,34.723732,-86.20080,204.0,9,0,0,0,3,0,0
5343,122,1116,0,0,15,0,19:35:46,34.723732,-86.20080,204.0,9,0,0,0,3,0,0
5343,123,1121,0,0,15,0,19:35:47,34.723732,-86.20080,204.0,9,0,0,0,3,0,0
5343,123,1122,0,0,15,0,19:35:47,34.723732,-86.20080,204.0,9,0,0,0,3,0,0
5343,124,1129,0,0,15,0,19:35:48,34.723732,-86.20080,204.0,9,0,0,0,3,0,0
5343,124,1134,0,0,15,0,19:35:48,34.723732,-86.20080,204.0,9,0,0,0,3,0,0
5343,124,1135,0,0,15,0,19:35:48,34.723732,-86.20080,204.0,9,0,0,0,3,0,0
5343,126,1146,0,0,15,0,19:35:50,34.723732,-86.20080,204.0,9,0,0,0,3,0,0
5343,126,1147,0,0,15,0,19:35:50,34.723732,-86.20080,204.0,9,0,0,0,3,0,0
5343,126,1148,0,0,15,0,19:35:50,34.723732,-86.20080,204.0,9,0,0,0,3,0,0
5343,126,1149,0,0,15,0,19:35:50,34.723732,-86.20080,204.0,9,0,0,0,3,0,0
5343,127,1158,0,0,15,0,19:35:51,34.723732,-86.20080,204.0,9,0,0,0,3,0,0
5343,128,1166,0,0,15,0,19:35:52,34.723732,-86.20080,204.0,9,0,0,0,3,0,0
5343,129,1171,0,0,15,0,19:35:53,34.723732,-86.20080,204.0,9,0,0,0,3,0,0
5343,129,1172,0,0,15,0,19:35:53,34.723732,-86.20080,204.0,9,0,0,0,3,0,0
5343,143,1287,0,0,15,0,19:36:07,34.723732,-86.20080,204.0,9,0,0,0,3,0,0
5343,144,1290,0,0,15,0,19:36:07,34.723732,-86.20080,204.0,9,0,0,0,3,0,0
5343,165,1460,0,0,15,0,19:36:28,34.723740,-86.20088,204.0,9,0,0,0,3,0,0
5343,165,1461,0,0,15,0,19:36:28,34.723740,-86.20088,204.0,9,0,0,0,3,0,0
5343,166,1470,0,0,15,0,19:36:29,34.723740,-86.20088,204.0,9,0,0,0,3,0,0
5343,167,1476,0,0,15,0,19:36:29,34.723740,-86.20088,204.0,9,0,0,0,3,0,0
5343,167,1477,0,0,15,0,19:36:30,34.723740,-86.20088,204.0,9,0,0,0,3,0,0
5343,167,1478,0,0,15,0,19:36:30,34.723740,-86.20088,204.0,9,0,0,0,3,0,0
5343,167,1479,0,0,15,0,19:36:30,34.723740,-86.20088,204.0,9,0,0,0,3,0,0
5343,168,1487,0,0,15,0,19:36:31,34.723740,-86.20080,204.0,9,0,0,0,3,0,0
5343,168,1488,0,0,15,0,19:36:31,34.723740,-86.20080,204.0,9,0,0,0,3,0,0
5343,169,1496,0,0,15,0,19:36:32,34.723736,-86.20080,204.0,9,0,0,0,3,0,0
5343,169,1497,0,0,15,0,19:36:32,34.723736,-86.20080,204.0,9,0,0,0,3,0,0
5343,170,1505,0,0,15,0,19:36:33,34.723740,-86.20080,204.0,9,0,0,0,3,0,0
5343,170,1506,0,0,15,0,19:36:33,34.723740,-86.20080,204.0,9,0,0,0,3,0,0
5343,185,1624,0,0,15,0,19:36:47,34.723772,-86.20088,207.0,9,0,0,0,3,0,0
5343,185,1625,0,0,15,0,19:36:47,34.723772,-86.20088,207.0,9,0,0,0,3,0,0
5343,185,1626,0,0,15,0,19:36:47,34.723772,-86.20088,207.0,9,0,0,0,3,0,0
5343,185,1627,0,0,15,0,19:36:48,34.723772,-86.20088,207.0,9,0,0,0,3,0,0
5343,185,1628,0,0,15,0,19:36:48,34.723772,-86.20088,207.0,9,0,0,0,3,0,0
5343,185,1629,0,0,15,0,19:36:48,34.723772,-86.20088,207.0,9,05343,185,1629,0,0,15,0,19:36:48,34.723772,-86.20088,207.0,9,0,0,0,3,0,0
5343,186,1630,0,0,15,0,19:36:48,34.723772,-86.20088,207.0,9,0,0,0,3,0,0
5343,186,1631,0,0,15,0,19:36:48,34.723772,-86.20088,207.0,9,0,0,0,3,0,0
5343,186,1632,0,0,15,0,19:36:48,34.723772,-86.20088,207.0,9,0,0,0,3,0,0
5343,186,1633,0,0,15,0,19:36:48,34.723772,-86.20088,207.0,9,0,0,0,3,0,0
5343,186,1634,0,0,15,0,19:36:48,34.723772,-86.20088,207.0,9,0,0,0,3,0,0
5343,186,1635,0,0,15,0,19:36:49,34.723772,-86.20088,207.0,9,0,0,0,3,0,0
5343,186,1636,0,0,15,0,19:36:49,34.723772,-86.20088,207.0,9,0,0,0,3,0,0
5343,186,1637,0,0,15,0,19:36:49,34.723772,-86.20088,207.0,9,0,0,0,3,0,5343,186,1637,0,0,15,0,19:36:49,34.723772,-86.20088,207.0,9,0,0,0,3,0,0
5343,187,1638,0,0,15,0,19:36:49,34.723772,-86.20088,207.0,9,0,0,0,3,0,0
5343,187,1639,0,0,15,0,19:36:49,34.723772,-86.20088,207.0,9,0,0,0,3,0,0
5343,187,1640,0,0,15,0,19:36:49,34.723772,-86.20088,207.0,9,0,0,0,3,0,0
5343,187,1641,0,0,15,0,19:36:49,34.723772,-86.20088,207.0,9,0,0,0,3,0,0
5343,187,1642,0,0,15,0,19:36:49,34.723772,-86.20088,207.0,9,0,0,0,3,0,0
5343,187,1643,0,0,15,0,19:36:49,34.723772,-86.20088,207.0,9,0,0,0,3,0,0
5343,187,1644,0,0,15,0,19:36:50,34.723772,-86.20088,207.0,9,0,0,0,3,0,0
5343,187,1645,0,0,15,0,19:36:50,34.723772,-86.20088,207.0,9,0,0,0,3,0,0
5343,187,1645,0,0,15,0,19:36:50,34.723772,-86.20088,207.0,9,0,0,0,3,0,0
5343,188,1646,0,0,15,0,19:36:50,34.723772,-86.20088,207.0,9,0,0,0,3,0,0
5343,188,1647,0,0,15,0,19:36:50,34.723772,-86.20088,207.0,9,0,0,0,3,0,0
5343,188,1648,0,0,15,0,19:36:50,34.723772,-86.20088,207.0,9,0,0,0,3,0,0
5343,188,1649,0,0,15,0,19:36:50,34.723772,-86.20088,207.0,9,0,0,0,3,0,0
5343,188,1650,0,0,15,0,19:36:50,34.723772,-86.20088,207.0,9,0,0,0,3,0,0
5343,188,1651,0,0,15,0,19:36:50,34.723772,-86.20088,207.0,9,0,0,0,3,0,0
5343,188,1652,0,0,15,0,19:36:51,34.723772,-86.20088,207.0,9,0,0,0,3,0,0
5343,188,1653,0,0,15,0,19:36:51,34.723772,-86.20088,207.0,9,0,0,0,3,0,0
5343,188,1653,0,0,15,0,19:36:51,34.723772,-86.20088,207.0,9,0,0,0,3,0,0
5343,189,1654,0,0,15,0,19:36:51,34.723772,-86.20088,207.0,9,0,0,0,3,0,0
5343,189,1655,0,0,15,0,19:36:51,34.723772,-86.20088,207.0,9,0,0,0,3,0,0
5343,189,1656,0,0,15,0,19:36:51,34.723772,-86.20088,207.0,9,0,0,0,3,0,0
5343,189,1657,0,0,15,0,19:36:51,34.723772,-86.20088,207.0,9,0,0,0,3,0,0
5343,189,1658,0,0,15,0,19:36:51,34.723772,-86.20088,207.0,9,0,0,0,3,0,0
5343,189,1659,0,0,15,0,19:36:51,34.723772,-86.20088,207.0,9,0,0,0,3,0,0
5343,189,1660,0,0,15,0,19:36:52,34.723772,-86.20088,207.0,9,0,0,0,3,0,0
5343,189,1661,0,0,15,0,19:36:52,34.723772,-86.20088,207.0,9,0,0,0,3,0,0
5343,189,1662,0,0,15,0,19:36:52,34.723772,-86.20088,207.0,9,0,0,0,3,0,0
5343,189,1662,0,0,15,0,19:36:52,34.723772,-86.20088,207.0,9,0,0,0,3,0,0
5343,190,1663,0,0,15,0,19:36:52,34.723772,-86.20088,207.0,9,0,0,0,3,0,0
5343,190,1664,0,0,15,0,19:36:52,34.723772,-86.20088,207.0,9,0,0,0,3,0,0
5343,190,1665,0,0,15,0,19:36:52,34.723772,-86.20088,207.0,9,0,0,0,3,0,0
5343,190,1666,0,0,15,0,19:36:52,34.723772,-86.20088,207.0,9,0,0,0,3,0,0
5343,190,1667,0,0,15,0,19:36:52,34.723772,-86.20088,207.0,9,0,0,0,3,0,0
5343,190,1668,0,0,15,0,19:36:52,34.723772,-86.20088,207.0,9,0,0,0,3,0,0
5343,190,1669,0,0,15,0,19:36:53,34.723772,-86.20088,207.0,9,0,0,0,3,0,0
5343,191,1671,0,0,15,0,19:36:53,34.723772,-86.20088,207.0,9,0,0,0,3,0,0
5343,191,1672,0,0,15,0,19:36:53,34.723772,-86.20088,207.0,9,0,0,0,3,0,0
5343,191,1673,0,0,15,0,19:36:53,34.723772,-86.20088,207.0,9,0,0,0,3,0,0
5343,191,1674,0,0,15,0,19:36:53,34.723772,-86.20088,207.0,9,0,0,0,3,0,0
5343,191,1675,0,0,15,0,19:36:53,34.723772,-86.20088,207.0,9,0,0,0,3,0,0
5343,191,1676,0,0,15,0,19:36:53,34.723772,-86.20088,207.0,9,0,0,0,3,0,0
5343,191,1677,0,0,15,0,19:36:54,34.723772,-86.20088,207.0,9,0,0,0,3,0,0
5343,192,1679,0,0,15,0,19:36:54,34.723772,-86.20088,207.0,9,0,0,0,3,0,0
5343,192,1680,0,0,15,0,19:36:54,34.723772,-86.20088,207.0,9,0,0,0,3,0,0
5343,192,1681,0,0,15,0,19:36:54,34.723772,-86.20088,207.0,9,0,0,0,3,0,0
5343,192,1682,0,0,15,0,19:36:54,34.723772,-86.20088,207.0,9,0,0,0,3,0,0
5343,192,1683,0,0,15,0,19:36:54,34.723772,-86.20088,207.0,9,0,0,0,3,0,0
5343,192,1684,0,0,15,0,19:36:54,34.723772,-86.20088,207.0,9,0,0,0,3,0,0
5343,192,1685,0,0,15,0,19:36:54,34.723772,-86.20088,207.0,9,0,0,0,3,0,0
5343,193,1687,0,0,15,0,19:36:55,34.723772,-86.20088,207.0,9,0,0,0,3,0,0
5343,193,1688,0,0,15,0,19:36:55,34.723772,-86.20088,207.0,9,0,0,0,3,0,0
5343,193,1689,0,0,15,0,19:36:55,34.723772,-86.20088,207.0,9,0,0,0,3,0,0
5343,193,1690,0,0,15,0,19:36:55,34.723772,-86.20088,207.0,9,0,0,0,3,0,0
5343,193,1691,0,0,15,0,19:36:55,34.723772,-86.20088,207.0,9,0,0,0,3,0,0
5343,193,1692,0,0,15,0,19:36:55,34.723772,-86.20088,207.0,9,0,0,0,3,0,0
5343,193,1693,0,0,15,0,19:36:55,34.723772,-86.20088,207.0,9,0,0,0,3,0,0
5343,193,1694,0,0,15,0,19:36:56,34.725343,193,1694,0,0,15,0,19:36:56,34.723772,-86.20096,207.0,9,0,0,0,3,0,0
5343,194,1695,0,0,15,0,19:36:56,34.723772,-86.20096,207.0,9,0,0,0,3,0,0
5343,194,1696,0,0,15,0,19:36:56,34.723772,-86.20096,207.0,9,0,0,0,3,0,0
5343,194,1697,0,0,15,0,19:36:56,34.723772,-86.20096,207.0,9,0,0,0,3,0,0
5343,194,1698,0,0,15,0,19:36:56,34.723772,-86.20096,207.0,9,0,0,0,3,0,0
5343,194,1699,0,0,15,0,19:36:56,34.723772,-86.20096,207.0,9,0,0,0,3,0,0
5343,194,1700,0,0,15,0,19:36:56,34.723772,-86.20096,207.0,9,0,0,0,3,0,0
5343,194,1701,0,0,15,0,19:36:56,34.723772,-86.20096,207.0,9,0,0,0,3,0,0
5343,195,1703,0,0,15,0,19:36:57,34.723768,-86.20096,207.0,9,0,0,0,3,0,0
5343,195,1704,0,0,15,0,19:36:57,34.723768,-86.20096,207.0,9,0,0,0,3,0,0
5343,195,1705,0,0,15,0,19:36:57,34.723768,-86.20096,207.0,9,0,0,0,3,0,0
5343,195,1706,0,0,15,0,19:36:57,34.723768,-86.20096,207.0,9,0,0,0,3,0,0
5343,195,1707,0,0,15,0,19:36:57,34.723768,-86.20096,207.0,9,0,0,0,3,0,0
5343,195,1708,0,0,15,0,19:36:57,34.723768,-86.20096,207.0,9,0,0,0,3,0,0
5343,195,1709,0,0,15,0,19:36:57,34.723768,-86.20096,207.0,9,0,0,0,3,0,0
5343,195,1710,0,0,15,0,19:36:57,34.723768,-86.20096,205343,195,1710,0,0,15,0,19:36:57,34.723768,-86.20096,207.0,9,0,0,0,3,0,0
5343,196,1711,0,0,15,0,19:36:58,34.723768,-86.20096,207.0,9,0,0,0,3,0,0
5343,196,1712,0,0,15,0,19:36:58,34.723768,-86.20096,207.0,9,0,0,0,3,0,0
5343,196,1713,0,0,15,0,19:36:58,34.723768,-86.20096,207.0,9,0,0,0,3,0,0
5343,196,1714,0,0,15,0,19:36:58,34.723768,-86.20096,207.0,9,0,0,0,3,0,0
5343,196,1715,0,0,15,0,19:36:58,34.723768,-86.20096,207.0,9,0,0,0,3,0,0
5343,196,1716,0,0,15,0,19:36:58,34.723768,-86.20096,207.0,9,0,0,0,3,0,0
5343,196,1717,0,0,15,0,19:36:58,34.723768,-86.20096,207.0,9,0,0,0,3,0,0
5343,196,1718,0,0,15,0,19:36:58,34.723768,-86.20096,207.0,9,0,05343,196,1718,0,0,15,0,19:36:58,34.723768,-86.20096,207.0,9,0,0,0,3,0,0
5343,197,1719,0,0,15,0,19:36:59,34.723764,-86.20096,207.0,9,0,0,0,3,0,0
5343,197,1720,0,0,15,0,19:36:59,34.723764,-86.20096,207.0,9,0,0,0,3,0,0
5343,197,1721,0,0,15,0,19:36:59,34.723764,-86.20096,207.0,9,0,0,0,3,0,0
5343,197,1722,0,0,15,0,19:36:59,34.723764,-86.20096,207.0,9,0,0,0,3,0,0
5343,197,1723,0,0,15,0,19:36:59,34.723764,-86.20096,207.0,9,0,0,0,3,0,0
5343,197,1724,0,0,15,0,19:36:59,34.723764,-86.20096,207.0,9,0,0,0,3,0,0
5343,197,1725,0,0,15,0,19:36:59,34.723764,-86.20096,207.0,9,0,0,0,3,0,0
5343,197,1726,0,0,15,0,19:36:59,34.723764,-86.20096,207.0,9,0,0,0,3,0,05343,197,1726,0,0,15,0,19:36:59,34.723764,-86.20096,207.0,9,0,0,0,3,0,0
5343,198,1727,0,0,15,0,19:37:00,34.723760,-86.20088,207.0,9,0,0,0,3,0,0
5343,198,1728,0,0,15,0,19:37:00,34.723760,-86.20088,207.0,9,0,0,0,3,0,0
5343,198,1729,0,0,15,0,19:37:00,34.723760,-86.20088,207.0,9,0,0,0,3,0,0
5343,198,1730,0,0,15,0,19:37:00,34.723760,-86.20088,207.0,9,0,0,0,3,0,0
5343,198,1731,0,0,15,0,19:37:00,34.723760,-86.20088,207.0,9,0,0,0,3,0,0
5343,198,1732,0,0,15,0,19:37:00,34.723760,-86.20088,207.0,9,0,0,0,3,0,0
5343,198,1733,0,0,15,0,19:37:00,34.723760,-86.20088,207.0,9,0,0,0,3,0,0
5343,198,1734,0,0,15,0,19:37:00,34.723760,-86.20088,207.0,9,0,0,0,3,0,0
5343,198,1734,0,0,15,0,19:37:00,34.723760,-86.20088,207.0,9,0,0,0,3,0,0
5343,199,1735,0,0,15,0,19:37:01,34.723760,-86.20088,207.0,9,0,0,0,3,0,0
5343,199,1736,0,0,15,0,19:37:01,34.723760,-86.20088,207.0,9,0,0,0,3,0,0
5343,199,1737,0,0,15,0,19:37:01,34.723760,-86.20088,207.0,9,0,0,0,3,0,0
5343,199,1738,0,0,15,0,19:37:01,34.723760,-86.20088,207.0,9,0,0,0,3,0,0
5343,199,1739,0,0,15,0,19:37:01,34.723760,-86.20088,207.0,9,0,0,0,3,0,0
5343,199,1740,0,0,15,0,19:37:01,34.723760,-86.20088,207.0,9,0,0,0,3,0,0
5343,199,1741,0,0,15,0,19:37:01,34.723760,-86.20088,207.0,9,0,0,0,3,0,0
5343,199,1742,0,0,15,0,19:37:01,34.723760,-86.20088,207.0,9,0,0,0,3,0,0
5343,199,1742,0,0,15,0,19:37:01,34.723760,-86.20088,207.0,9,0,0,0,3,0,0
5343,200,1743,0,0,15,0,19:37:02,34.723760,-86.20088,207.0,9,0,0,0,3,0,0
5343,200,1744,0,0,15,0,19:37:02,34.723760,-86.20088,207.0,9,0,0,0,3,0,0
5343,200,1745,0,0,15,0,19:37:02,34.723760,-86.20088,207.0,9,0,0,0,3,0,0
5343,200,1746,0,0,15,0,19:37:02,34.723760,-86.20088,207.0,9,0,0,0,3,0,0
5343,200,1747,0,0,15,0,19:37:02,34.723760,-86.20088,207.0,9,0,0,0,3,0,0
5343,200,1748,0,0,15,0,19:37:02,34.723760,-86.20088,207.0,9,0,0,0,3,0,0
5343,200,1749,0,0,15,0,19:37:02,34.723760,-86.20088,207.0,9,0,0,0,3,0,0
5343,200,1750,0,0,15,0,19:37:02,34.723760,-86.20088,207.0,9,0,0,0,3,0,0
5343,201,1752,0,0,15,0,19:37:03,34.723756,-86.20080,207.0,9,0,0,0,3,0,0
5343,201,1753,0,0,15,0,19:37:03,34.723756,-86.20080,207.0,9,0,0,0,3,0,0
5343,201,1754,0,0,15,0,19:37:03,34.723756,-86.20080,207.0,9,0,0,0,3,0,0
5343,201,1755,0,0,15,0,19:37:03,34.723756,-86.20080,207.0,9,0,0,0,3,0,0
5343,201,1756,0,0,15,0,19:37:03,34.723756,-86.20080,207.0,9,0,0,0,3,0,0
5343,201,1757,0,0,15,0,19:37:03,34.723756,-86.20080,207.0,9,0,0,0,3,0,0
5343,201,1758,0,0,15,0,19:37:03,34.723756,-86.20080,207.0,9,0,0,0,3,0,0
5343,202,1760,0,0,15,0,19:37:04,34.723756,-86.20080,207.0,9,0,0,0,3,0,0
5343,202,1761,0,0,15,0,19:37:04,34.723756,-86.20080,207.0,9,0,0,0,3,0,0
5343,202,1762,0,0,15,0,19:37:04,34.723756,-86.20080,207.0,9,0,0,0,3,0,0
5343,202,1763,0,0,15,0,19:37:04,34.723756,-86.20080,207.0,9,0,0,0,3,0,0
5343,202,1764,0,0,15,0,19:37:04,34.723756,-86.20080,207.0,9,0,0,0,3,0,0
5343,202,1765,0,0,15,0,19:37:04,34.723756,-86.20080,207.0,9,0,0,0,3,0,0
5343,202,1766,0,0,15,0,19:37:04,34.723756,-86.20080,207.0,9,0,0,0,3,0,0
5343,203,1768,0,0,15,0,19:37:05,34.723756,-86.20080,207.0,9,0,0,0,3,0,0
5343,203,1769,0,0,15,0,19:37:05,34.723756,-86.20080,207.0,9,0,0,0,3,0,0
5343,203,1770,0,0,15,0,19:37:05,34.723756,-86.20080,207.0,9,0,0,0,3,0,0
5343,203,1771,0,0,15,0,19:37:05,34.723756,-86.20080,207.0,9,0,0,0,3,0,0
5343,203,1772,0,0,15,0,19:37:05,34.723756,-86.20080,207.0,9,0,0,0,3,0,0
5343,203,1773,0,0,15,0,19:37:05,34.723756,-86.20080,207.0,9,0,0,0,3,0,0
5343,203,1774,0,0,15,0,19:37:05,34.723756,-86.20080,207.0,9,0,0,0,3,0,0
5343,204,1776,0,0,15,0,19:37:05,34.723756,-86.20080,207.0,9,0,0,0,3,0,0
5343,204,1777,0,0,15,0,19:37:06,34.723756,-86.20080,207.0,9,0,0,0,3,0,0
5343,204,1778,0,0,15,0,19:37:06,34.723756,-86.20080,207.0,9,0,0,0,3,0,0
5343,204,1779,0,0,15,0,19:37:06,34.723756,-86.20080,207.0,9,0,0,0,3,0,0
5343,204,1780,0,0,15,0,19:37:06,34.723756,-86.20080,207.0,9,0,0,0,3,0,0
5343,204,1781,0,0,15,0,19:37:06,34.723756,-86.20080,207.0,9,0,0,0,3,0,0
5343,204,1782,0,0,15,0,19:37:06,34.723756,-86.20080,207.0,9,0,0,0,3,0,0
5343,204,1783,0,0,15,0,19:37:06,34.7235343,204,1783,0,0,15,0,19:37:06,34.723756,-86.20080,207.0,9,0,0,0,3,0,0
5343,205,1784,0,0,15,0,19:37:06,34.723756,-86.20080,207.0,9,0,0,0,3,0,0
5343,205,1785,0,0,15,0,19:37:07,34.723756,-86.20080,207.0,9,0,0,0,3,0,0
5343,205,1786,0,0,15,0,19:37:07,34.723756,-86.20080,207.0,9,0,0,0,3,0,0
5343,205,1787,0,0,15,0,19:37:07,34.723756,-86.20080,207.0,9,0,0,0,3,0,0
5343,205,1788,0,0,15,0,19:37:07,34.723756,-86.20080,207.0,9,0,0,0,3,0,0
5343,205,1789,0,0,15,0,19:37:07,34.723756,-86.20080,207.0,9,0,0,0,3,0,0
5343,205,1790,0,0,15,0,19:37:07,34.723756,-86.20080,207.0,9,0,0,0,3,0,0
5343,206,1792,0,0,15,0,19:37:07,34.723756,-86.20080,207.0,9,0,0,0,3,0,0
5343,206,1793,0,0,15,0,19:37:08,34.723756,-86.20080,207.0,9,0,0,0,3,0,0
5343,206,1794,0,0,15,0,19:37:08,34.723756,-86.20080,207.0,9,0,0,0,3,0,0
5343,206,1795,0,0,15,0,19:37:08,34.723756,-86.20080,207.0,9,0,0,0,3,0,0
5343,206,1796,0,0,15,0,19:37:08,34.723756,-86.20080,207.0,9,0,0,0,3,0,0
5343,206,1797,0,0,15,0,19:37:08,34.723756,-86.20080,207.0,9,0,0,0,3,0,0
5343,206,1798,0,0,15,0,19:37:08,34.723756,-86.20080,207.0,9,0,0,0,3,0,0
5343,206,1799,0,0,15,0,19:37:08,34.723756,-86.20080,2075343,206,1799,0,0,15,0,19:37:08,34.723756,-86.20080,207.0,9,0,0,0,3,0,0
5343,207,1800,0,0,15,0,19:37:08,34.723756,-86.20080,207.0,9,0,0,0,3,0,0
5343,207,1801,0,0,15,0,19:37:08,34.723756,-86.20080,207.0,9,0,0,0,3,0,0
5343,207,1802,0,0,15,0,19:37:09,34.723756,-86.20080,207.0,9,0,0,0,3,0,0
5343,207,1803,0,0,15,0,19:37:09,34.723756,-86.20080,207.0,9,0,0,0,3,0,0
5343,207,1804,0,0,15,0,19:37:09,34.723756,-86.20080,207.0,9,0,0,0,3,0,0
5343,207,1805,0,0,15,0,19:37:09,34.723756,-86.20080,207.0,9,0,0,0,3,0,0
5343,207,1806,0,0,15,0,19:37:09,34.723756,-86.20080,207.0,9,0,0,0,3,0,0
5343,207,1807,0,0,15,0,19:37:09,34.723756,-86.20080,207.0,9,0,05343,207,1807,0,0,15,0,19:37:09,34.723756,-86.20080,207.0,9,0,0,0,3,0,0
5343,208,1808,0,0,15,0,19:37:09,34.723756,-86.20080,207.0,9,0,0,0,3,0,0
5343,208,1809,0,0,15,0,19:37:09,34.723756,-86.20080,207.0,9,0,0,0,3,0,0
5343,208,1810,0,0,15,0,19:37:10,34.723756,-86.20080,207.0,9,0,0,0,3,0,0
5343,208,1811,0,0,15,0,19:37:10,34.723756,-86.20080,207.0,9,0,0,0,3,0,0
5343,208,1812,0,0,15,0,19:37:10,34.723756,-86.20080,207.0,9,0,0,0,3,0,0
5343,208,1813,0,0,15,0,19:37:10,34.723756,-86.20080,207.0,9,0,0,0,3,0,0
5343,208,1814,0,0,15,0,19:37:10,34.723756,-86.20080,207.0,9,0,0,0,3,0,0
5343,208,1815,0,0,15,0,19:37:10,34.723756,-86.20080,207.0,9,0,0,0,3,0,0
5343,208,1815,0,0,15,0,19:37:10,34.723756,-86.20080,207.0,9,0,0,0,3,0,0
5343,209,1816,0,0,15,0,19:37:10,34.723756,-86.20080,207.0,9,0,0,0,3,0,0
5343,209,1817,0,0,15,0,19:37:10,34.723756,-86.20080,207.0,9,0,0,0,3,0,0
5343,209,1818,0,0,15,0,19:37:10,34.723756,-86.20080,207.0,9,0,0,0,3,0,0
5343,209,1819,0,0,15,0,19:37:11,34.723760,-86.20080,207.0,9,0,0,0,3,0,0
5343,209,1820,0,0,15,0,19:37:11,34.723760,-86.20080,207.0,9,0,0,0,3,0,0
5343,209,1821,0,0,15,0,19:37:11,34.723760,-86.20080,207.0,9,0,0,0,3,0,0
5343,209,1822,0,0,15,0,19:37:11,34.723760,-86.20080,207.0,9,0,0,0,3,0,0
5343,209,1823,0,0,15,0,19:37:11,34.723760,-86.20080,207.0,9,0,0,0,3,0,0
5343,209,1823,0,0,15,0,19:37:11,34.723760,-86.20080,207.0,9,0,0,0,3,0,0
5343,210,1824,0,0,15,0,19:37:11,34.723760,-86.20080,207.0,9,0,0,0,3,0,0
5343,210,1825,0,0,15,0,19:37:11,34.723760,-86.20080,207.0,9,0,0,0,3,0,0
5343,210,1826,0,0,15,0,19:37:11,34.723760,-86.20080,207.0,9,0,0,0,3,0,0
5343,210,1827,0,0,15,0,19:37:12,34.723764,-86.20080,207.0,9,0,0,0,3,0,0
5343,210,1828,0,0,15,0,19:37:12,34.723764,-86.20080,207.0,9,0,0,0,3,0,0
5343,210,1829,0,0,15,0,19:37:12,34.723764,-86.20080,207.0,9,0,0,0,3,0,0
5343,210,1830,0,0,15,0,19:37:12,34.723764,-86.20080,207.0,9,0,0,0,3,0,0
5343,210,1831,0,0,15,0,19:37:12,34.723764,-86.20080,207.0,9,0,0,0,3,0,0
5343,210,1831,0,0,15,0,19:37:12,34.723764,-86.20080,207.0,9,0,0,0,3,0,0
5343,211,1832,0,0,15,0,19:37:12,34.723764,-86.20080,207.0,9,0,0,0,3,0,0
5343,211,1833,0,0,15,0,19:37:12,34.723764,-86.20080,207.0,9,0,0,0,3,0,0
5343,211,1834,0,0,15,0,19:37:12,34.723764,-86.20080,207.0,9,0,0,0,3,0,0
5343,211,1835,0,0,15,0,19:37:13,34.723772,-86.20080,207.0,9,0,0,0,3,0,0
5343,211,1836,0,0,15,0,19:37:13,34.723772,-86.20072,207.0,9,0,0,0,3,0,0
5343,211,1837,0,0,15,0,19:37:13,34.723772,-86.20072,207.0,9,0,0,0,3,0,0
5343,211,1838,0,0,15,0,19:37:13,34.723772,-86.20072,207.0,9,0,0,0,3,0,0
5343,211,1839,0,0,15,0,19:37:13,34.723772,-86.20072,207.0,9,0,0,0,3,0,0
5343,212,1841,0,0,15,0,19:37:13,34.723772,-86.20072,207.0,9,0,0,0,3,0,0
5343,20,179,-21740,46264,15,0,00:00:00,0.0,0.0,0.0,0,0,0,0,1,0,0
5343,23,208,-21740,46264,15,0,00:00:00,0.0,0.0,0.0,0,0,0,0,1,0,0
5343,23,209,-21740,46264,15,0,00:00:00,0.0,0.0,0.0,0,0,0,0,1,0,0
5343,27,239,-21740,46264,15,0,00:00:00,0.0,0.0,0.0,0,0,0,0,1,0,0
5343,27,240,-21740,46264,15,0,00:00:00,0.0,0.0,0.0,0,0,0,0,1,0,0
5343,30,268,-21740,46264,15,0,00:00:00,0.0,0.0,0.0,0,0,0,0,1,0,0
5343,30,269,-21740,46264,15,0,00:00:00,0.0,0.0,0.0,0,0,0,0,1,0,0
5343,34,298,-21740,46264,15,0,00:00:00,0.0,0.0,0.0,0,0,0,0,1,0,0
5343,34,299,-21740,46264,15,0,00:00:00,0.0,0.0,0.0,0,0,0,0,1,0,0
5343,37,328,-21740,46264,15,0,00:00:00,0.0,0.0,0.0,0,0,0,0,1,0,0
5343,37,329,-21740,46264,15,0,00:00:00,0.0,0.0,0.0,0,0,0,0,1,0,0
5343,37,330,-21740,46264,15,0,00:00:00,0.0,0.0,0.0,0,0,0,0,1,0,0
5343,41,360,-21740,46264,15,0,00:00:00,0.0,0.0,0.0,0,0,0,0,1,0,0
5343,44,388,-21740,46264,15,0,00:00:00,0.0,0.0,0.0,0,0,0,0,1,0,0
5343,44,389,-21740,46264,15,0,00:00:00,0.0,0.0,0.0,0,0,0,0,1,0,0
5343,44,390,-21740,46264,15,0,00:00:00,0.0,0.0,0.0,0,0,0,0,1,0,0
5343,47,419,-21740,46264,15,0,00:00:00,0.0,0.0,0.0,0,0,0,0,1,0,0
5343,47,420,-21740,46264,15,0,00:00:00,0.0,0.0,0.5343,47,420,-21740,46264,15,0,00:00:00,0.0,0.0,0.0,0,0,0,0,1,0,0
5343,51,448,-21740,46264,15,0,00:00:00,0.0,0.0,0.0,0,0,0,0,1,0,0
5343,51,449,-21740,46264,15,0,00:00:00,0.0,0.0,0.0,0,0,0,0,1,0,0
5343,51,450,-21740,46264,15,0,00:00:00,0.0,0.0,0.0,0,0,0,0,1,0,0
5343,55,484,-21740,46264,15,0,00:00:00,0.0,0.0,0.0,0,0,0,0,1,0,0
5343,55,485,-21740,46264,15,0,00:00:00,0.0,0.0,0.0,0,0,0,0,1,0,0
5343,58,509,-21740,46264,15,0,00:00:00,0.0,0.0,0.0,0,0,0,0,1,0,0
5343,58,512,-21740,46264,15,0,00:00:00,0.0,0.0,0.0,0,0,0,0,1,0,0
5343,58,513,-21740,46264,15,0,00:00:00,0.0,0.0,0.0,0,0,0,0,1,0,0
5343,58,514,-21740,46264,15,0,00:00:00,0.0,0.0,0.0,0,0,0,0,1,0,0
5343,58,515,-21740,46264,15,0,00:00:00,0.0,0.0,0.0,0,0,0,0,1,0,0
5343,58,516,-21740,46264,15,0,00:00:00,0.0,0.0,0.0,0,0,0,0,1,0,0
5343,59,519,-21740,46264,15,0,00:00:00,0.0,0.0,0.0,0,0,0,0,1,0,0
5343,59,520,-21740,46264,15,0,00:00:00,0.0,0.0,0.0,0,0,0,0,1,0,0
5343,59,521,-21740,46264,15,0,00:00:00,0.0,0.0,0.0,0,0,0,0,1,0,0
5343,59,522,-21740,46264,15,0,00:00:00,0.0,0.0,0.0,0,0,0,0,1,0,0
5343,59,523,-21740,46264,15,0,00:00:00,0.0,0.0,0.0,0,0,0,0,1,0,0
5343,59,524,-21740,46264,15,0,00:00:00,0.0,0.0,0.0,0,0,0,0,1,0,0
5343,59,525,-21740,46264,15,0,00:00:00,0.0,0.0,0.0,0,0,0,0,1,0,0
5343,59,525,-21740,46264,15,0,00:00:00,0.0,0.0,0.0,0,0,0,0,1,0,0
5343,60,526,-21740,46264,15,0,00:00:00,0.0,0.0,0.0,0,0,0,0,1,0,0
5343,60,527,-21740,46264,15,0,00:00:00,0.0,0.0,0.0,0,0,0,0,1,0,0
5343,60,528,-21740,46264,15,0,00:00:00,0.0,0.0,0.0,0,0,0,0,1,0,0
5343,60,529,-21740,46264,15,0,00:00:00,0.0,0.0,0.0,0,0,0,0,1,0,0
5343,60,530,-21740,46264,15,0,00:00:00,0.0,0.0,0.0,0,0,0,0,1,0,0
5343,60,531,-21740,46264,15,0,00:00:00,0.0,0.0,0.0,0,0,0,0,1,0,0
5343,60,532,-21740,46264,15,0,00:00:00,0.0,0.0,0.0,0,0,0,0,1,0,0
5343,60,533,-21740,46264,15,0,00:00:00,0.0,0.0,0.0,0,0,0,0,1,0,0
5343,60,534,-21740,46264,15,0,00:00:00,0.0,0.0,5343,60,534,-21740,46264,15,0,00:00:00,0.0,0.0,0.0,0,0,0,0,1,0,0
5343,61,535,-21740,46264,15,0,00:00:00,0.0,0.0,0.0,0,0,0,0,1,0,0
5343,61,536,-21740,46264,15,0,00:00:00,0.0,0.0,0.0,0,0,0,0,1,0,0
5343,61,537,-21740,46264,15,0,00:00:00,0.0,0.0,0.0,0,0,0,0,1,0,0
5343,61,538,-21740,46264,15,0,00:00:00,0.0,0.0,0.0,0,0,0,0,1,0,0
5343,61,539,-21740,46264,15,0,00:00:00,0.0,0.0,0.0,0,0,0,0,1,0,0
5343,61,540,-21740,46264,15,0,00:00:00,0.0,0.0,0.0,0,0,0,0,1,0,0
5343,61,541,-21740,46264,15,0,00:00:00,0.0,0.0,0.0,0,0,0,0,1,0,0
5343,61,542,-21740,46264,15,0,00:00:00,0.0,0.0,0.0,0,0,0,0,1,0,0
5343,62,544,-21740,46264,15,0,00:00:00,0.0,0.0,0.0,0,0,0,0,1,0,0
5343,62,545,-21740,46264,15,0,00:00:00,0.0,0.0,0.0,0,0,0,0,1,0,0
5343,62,546,-21740,46264,15,0,00:00:00,0.0,0.0,0.0,0,0,0,0,1,0,0
5343,62,547,-21740,46264,15,0,00:00:00,0.0,0.0,0.0,0,0,0,0,1,0,0
5343,62,548,-21740,46264,15,0,00:00:00,0.0,0.0,0.0,0,0,0,0,1,0,0
5343,62,549,-21740,46264,15,0,00:00:00,0.0,0.0,0.0,0,0,0,0,1,0,0
5343,62,550,-21740,46264,15,0,00:00:00,0.0,0.0,0.0,0,0,0,0,1,0,0
5343,62,551,-21740,46264,15,0,00:00:00,0.0,0.0,0.0,0,0,0,0,1,0,0
5343,62,552,-21740,46264,15,0,00:00:00,0.0,0.0,0.0,0,0,0,0,1,0,0
5343,62,552,-21740,46264,15,0,00:00:00,0.0,0.0,0.0,0,0,0,0,1,0,0
5343,63,553,-21740,46264,15,0,00:00:00,0.0,0.0,0.0,0,0,0,0,1,0,0
5343,63,554,-21740,46264,15,0,00:00:00,0.0,0.0,0.0,0,0,0,0,1,0,0
5343,63,555,-21740,46264,15,0,00:00:00,0.0,0.0,0.0,0,0,0,0,1,0,0
5343,63,556,-21740,46264,15,0,00:00:00,0.0,0.0,0.0,0,0,0,0,1,0,0
5343,63,557,-21740,46264,15,0,00:00:00,0.0,0.0,0.0,0,0,0,0,1,0,0
5343,63,558,-21740,46264,15,0,00:00:00,0.0,0.0,0.0,0,0,0,0,1,0,0
5343,63,559,-21740,46264,15,0,00:00:00,0.0,0.0,0.0,0,0,0,0,1,0,0
5343,63,560,-21740,46264,15,0,00:00:00,0.0,0.0,0.0,0,0,0,0,1,0,0
5343,63,560,-21740,46264,15,0,00:00:00,0.0,0.0,0.0,0,0,0,0,1,0,0
5343,64,561,-21740,46264,15,0,00:00:00,0.0,0.0,0.0,0,0,0,0,1,0,0
5343,64,562,-21740,46264,15,0,00:00:00,0.0,0.0,0.0,0,0,0,0,1,0,0
5343,64,563,-21740,46264,15,0,00:00:00,0.0,0.0,0.0,0,0,0,0,1,0,0
5343,64,564,-21740,46264,15,0,00:00:00,0.0,0.0,0.0,0,0,0,0,1,0,0
5343,64,565,-21740,46264,15,0,00:00:00,0.0,0.0,0.0,0,0,0,0,1,0,0
5343,64,566,-21740,46264,15,0,00:00:00,0.0,0.0,0.0,0,0,0,0,1,0,0
5343,64,567,-21740,46264,15,0,00:00:00,0.0,0.0,0.0,0,0,0,0,1,0,0
5343,64,568,-21740,46264,15,0,00:00:00,0.0,0.0,0.0,0,0,0,0,1,0,0
5343,64,569,-21740,46264,15,0,00:00:00,0.0,0.0,0.0,0,5343,64,569,-21740,46264,15,0,00:00:00,0.0,0.0,0.0,0,0,0,0,1,0,0
5343,65,570,-21740,46264,15,0,00:00:00,0.0,0.0,0.0,0,0,0,0,1,0,0
5343,65,571,-21740,46264,15,0,00:00:00,0.0,0.0,0.0,0,0,0,0,1,0,0
5343,65,572,-21740,46264,15,0,00:00:00,0.0,0.0,0.0,0,0,0,0,1,0,0
5343,65,573,-21740,46264,15,0,00:00:00,0.0,0.0,0.0,0,0,0,0,1,0,0
5343,65,574,-21740,46264,15,0,00:00:00,0.0,0.0,0.0,0,0,0,0,1,0,0
5343,65,575,-21740,46264,15,0,00:00:00,0.0,0.0,0.0,0,0,0,0,1,0,0
5343,65,576,-21740,46264,15,0,00:00:00,0.0,0.0,0.0,0,0,0,0,1,0,0
5343,65,577,-21740,46264,15,0,00:00:00,0.0,0.0,0.0,0,0,0,0,1,0,0
5343,66,579,-21740,46264,15,0,00:00:00,0.0,0.0,0.0,0,0,0,0,1,0,0
5343,66,580,-21740,46264,15,0,00:00:00,0.0,0.0,0.0,0,0,0,0,1,0,0
5343,66,581,-21740,46264,15,0,00:00:00,0.0,0.0,0.0,0,0,0,0,1,0,0
5343,66,582,-21740,46264,15,0,00:00:00,0.0,0.0,0.0,0,0,0,0,1,0,0
5343,66,583,-21740,46264,15,0,00:00:00,0.0,0.0,0.0,0,0,0,0,1,0,0
5343,66,584,-21740,46264,15,0,00:00:00,0.0,0.0,0.0,0,0,0,0,1,0,0
5343,66,585,-21740,46264,15,0,00:00:00,0.0,0.0,0.0,0,0,0,0,1,0,0
5343,66,586,-21740,46264,15,0,00:00:00,0.0,0.0,0.0,0,0,0,0,1,0,0
5343,67,588,-21740,46264,15,0,00:00:00,0.0,0.0,0.0,0,0,0,0,1,0,0
5343,67,589,-21740,46264,15,0,00:00:00,0.0,0.0,0.0,0,0,0,0,1,0,0
5343,67,590,-21740,46264,15,0,00:00:00,0.0,0.0,0.0,0,0,0,0,1,0,0
5343,67,591,-21740,46264,15,0,00:00:00,0.0,0.0,0.0,0,0,0,0,1,0,0
5343,67,592,-21740,46264,15,0,00:00:00,0.0,0.0,0.0,0,0,0,0,1,0,0
5343,67,593,-21740,46264,15,0,00:00:00,0.0,0.0,0.0,0,0,0,0,1,0,0
5343,67,594,-21740,46264,15,0,00:00:00,0.0,0.0,0.0,0,0,0,0,1,0,0
5343,67,595,-21740,46264,15,0,00:00:00,0.0,0.0,0.0,0,0,0,0,1,0,0
5343,67,595,-21740,46264,15,0,00:00:00,0.0,0.0,0.0,0,0,0,0,1,0,0
5343,68,596,-21740,46264,15,0,00:00:00,0.0,0.0,0.0,0,0,0,0,1,0,0
5343,68,597,-21740,46264,15,0,00:00:00,0.0,0.0,0.0,0,0,0,0,1,0,0
5343,68,598,-21740,46264,15,0,00:00:00,0.0,0.0,0.0,0,0,0,0,1,0,0
5343,68,599,-21740,46264,15,0,00:00:00,0.0,0.0,0.0,0,0,0,0,1,0,0
5343,68,600,-21740,46264,15,0,00:00:00,0.0,0.0,0.0,0,0,0,0,1,0,0
5343,68,601,-21740,46264,15,0,00:00:00,0.0,0.0,0.0,0,0,0,0,1,0,0
5343,68,602,-21740,46264,15,0,00:00:00,0.0,0.0,0.0,0,0,0,0,1,0,0
5343,68,603,-21740,46264,15,0,00:00:00,0.0,0.0,0.0,0,0,0,0,1,0,0
5343,68,604,-21740,46264,15,0,00:00:00,0.0,0.0,0.0,0,0,0,0,5343,68,604,-21740,46264,15,0,00:00:00,0.0,0.0,0.0,0,0,0,0,1,0,0
5343,69,605,-21740,46264,15,0,00:00:00,0.0,0.0,0.0,0,0,0,0,1,0,0
5343,69,606,-21740,46264,15,0,00:00:00,0.0,0.0,0.0,0,0,0,0,1,0,0
5343,69,607,-21740,46264,15,0,00:00:00,0.0,0.0,0.0,0,0,0,0,1,0,0
5343,69,608,-21740,46264,15,0,00:00:00,0.0,0.0,0.0,0,0,0,0,1,0,0
5343,69,609,-21740,46264,15,0,00:00:00,0.0,0.0,0.0,0,0,0,0,1,0,0
5343,69,610,-21740,46264,15,0,00:00:00,0.0,0.0,0.0,0,0,0,0,1,0,0
5343,69,611,-21740,46264,15,0,00:00:00,0.0,0.0,0.0,0,0,0,0,1,0,0
5343,69,612,-21740,46264,15,0,00:00:00,0.0,0.0,0.0,0,0,0,0,1,0,0
5343,70,614,-21740,46264,15,0,00:00:00,0.0,0.0,0.0,0,0,0,0,1,0,0
5343,70,615,-21740,46264,15,0,00:00:00,0.0,0.0,0.0,0,0,0,0,1,0,0
5343,70,616,-21740,46264,15,0,00:00:00,0.0,0.0,0.0,0,0,0,0,1,0,0
5343,70,617,-21740,46264,15,0,00:00:00,0.0,0.0,0.0,0,0,0,0,1,0,0
5343,70,618,-21740,46264,15,0,00:00:00,0.0,0.0,0.0,0,0,0,0,1,0,0
5343,70,619,-21740,46264,15,0,00:00:00,0.0,0.0,0.0,0,0,0,0,1,0,0
5343,70,620,-21740,46264,15,0,00:00:00,0.0,0.0,0.0,0,0,0,0,1,0,0
5343,70,621,-21740,46264,15,0,00:00:00,0.0,0.0,0.0,0,0,0,0,1,0,0
5343,70,622,-25343,70,622,-21740,46264,15,0,00:00:00,0.0,0.0,0.0,0,0,0,0,1,0,0
5343,71,623,-21740,46264,15,0,00:00:00,0.0,0.0,0.0,0,0,0,0,1,0,0
5343,71,624,-21740,46264,15,0,00:00:00,0.0,0.0,0.0,0,0,0,0,1,0,0
5343,71,625,-21740,46264,15,0,00:00:00,0.0,0.0,0.0,0,0,0,0,1,0,0
5343,71,626,-21740,46264,15,0,00:00:00,0.0,0.0,0.0,0,0,0,0,1,0,0
5343,71,627,-21740,46264,15,0,00:00:00,0.0,0.0,0.0,0,0,0,0,1,0,0
5343,71,628,-21740,46264,15,0,00:00:00,0.0,0.0,0.0,0,0,0,0,1,0,0
5343,71,629,-21740,46264,15,0,00:00:00,0.0,0.0,0.0,0,0,0,0,1,0,0
5343,71,630,-21740,46264,15,0,00:00:00,0.0,0.0,0.0,0,0,0,0,1,0,0
5343,71,630,-21740,46264,15,0,00:00:00,0.0,0.0,0.0,0,0,0,0,1,0,0
5343,72,631,-21740,46264,15,0,00:00:00,0.0,0.0,0.0,0,0,0,0,1,0,0
5343,72,632,-21740,46264,15,0,00:00:00,0.0,0.0,0.0,0,0,0,0,1,0,0
5343,72,633,-21740,46264,15,0,00:00:00,0.0,0.0,0.0,0,0,0,0,1,0,0
5343,72,634,-21740,46264,15,0,00:00:00,0.0,0.0,0.0,0,0,0,0,1,0,0
5343,72,635,-21740,46264,15,0,00:00:00,0.0,0.0,0.0,0,0,0,0,1,0,0
5343,72,636,-21740,46264,15,0,00:00:00,0.0,0.0,0.0,0,0,0,0,1,0,0
5343,72,637,-21740,46264,15,0,00:00:00,0.0,0.0,0.0,0,0,0,0,1,0,0
5343,72,638,-21740,46264,15,0,00:00:00,0.0,0.0,0.0,0,0,0,0,1,0,0
5343,72,639,-21740,46264,15,0,00:00:00,0.0,0.0,0.0,0,0,0,0,1,0,0
5343,72,639,-21740,46264,15,0,00:00:00,0.0,0.0,0.0,0,0,0,0,1,0,0
5343,73,640,-21740,46264,15,0,00:00:00,0.0,0.0,0.0,0,0,0,0,1,0,0
5343,73,641,-21740,46264,15,0,00:00:00,0.0,0.0,0.0,0,0,0,0,1,0,0
5343,73,642,-21740,46264,15,0,00:00:00,0.0,0.0,0.0,0,0,0,0,1,0,0
5343,73,643,-21740,46264,15,0,00:00:00,0.0,0.0,0.0,0,0,0,0,1,0,0
5343,73,644,-21740,46264,15,0,00:00:00,0.0,0.0,0.0,0,0,0,0,1,0,0
5343,73,645,-21740,46264,15,0,00:00:00,0.0,0.0,0.0,0,0,0,0,1,0,0
5343,73,646,-21740,46264,15,0,00:00:00,0.0,0.0,0.0,0,0,0,0,1,0,0
5343,73,647,-21740,46264,15,0,00:00:00,0.0,0.0,0.0,0,0,0,0,1,0,0
5343,74,649,-21740,46264,15,0,00:00:00,0.0,0.0,0.0,0,0,0,0,1,0,0
5343,74,650,-21740,46264,15,0,00:00:00,0.0,0.0,0.0,0,0,0,0,1,0,0
5343,74,651,-21740,46264,15,0,00:00:00,0.0,0.0,0.0,0,0,0,0,1,0,0
5343,74,652,-21740,46264,15,0,00:00:00,0.0,0.0,0.0,0,0,0,0,1,0,0
5343,74,653,-21740,46264,15,0,00:00:00,0.0,0.0,0.0,0,0,0,0,1,0,0
5343,74,654,-21740,46264,15,0,00:00:00,0.0,0.0,0.0,0,0,0,0,1,0,0
5343,74,655,-21740,46264,15,0,00:00:00,0.0,0.0,0.0,0,0,0,0,1,0,0
5343,74,656,-21740,46264,15,0,00:00:00,0.0,0.0,0.0,0,0,0,0,1,0,0
5343,74,657,-21740,45343,74,657,-21740,46264,15,0,00:00:00,0.0,0.0,0.0,0,0,0,0,1,0,0
5343,75,658,-21740,46264,15,0,00:00:00,0.0,0.0,0.0,0,0,0,0,1,0,0
5343,75,659,-21740,46264,15,0,00:00:00,0.0,0.0,0.0,0,0,0,0,1,0,0
5343,75,660,-21740,46264,15,0,00:00:00,0.0,0.0,0.0,0,0,0,0,1,0,0
5343,75,661,-21740,46264,15,0,00:00:00,0.0,0.0,0.0,0,0,0,0,1,0,0
5343,75,662,-21740,46264,15,0,00:00:00,0.0,0.0,0.0,0,0,0,0,1,0,0
5343,75,663,-21740,46264,15,0,00:00:00,0.0,0.0,0.0,0,0,0,0,1,0,0
5343,75,664,-21740,46264,15,0,00:00:00,0.0,0.0,0.0,0,0,0,0,1,0,0
5343,75,665,-21740,46264,15,0,00:00:00,0.0,0.0,0.0,0,0,0,0,1,0,0
5343,75,665,-21740,46264,15,0,00:00:00,0.0,0.0,0.0,0,0,0,0,1,0,0
5343,76,666,-21740,46264,15,0,00:00:00,0.0,0.0,0.0,0,0,0,0,1,0,0
5343,76,667,-21740,46264,15,0,00:00:00,0.0,0.0,0.0,0,0,0,0,1,0,0
5343,76,668,-21740,46264,15,0,00:00:00,0.0,0.0,0.0,0,0,0,0,1,0,0
5343,76,669,-21740,46264,15,0,00:00:00,0.0,0.0,0.0,0,0,0,0,1,0,0
5343,76,670,-21740,46264,15,0,00:00:00,0.0,0.0,0.0,0,0,0,0,1,0,0
5343,76,671,-21740,46264,15,0,00:00:00,0.0,0.0,0.0,0,0,0,0,1,0,0
5343,76,672,-21740,46264,15,0,00:00:00,0.0,0.0,0.0,0,0,0,0,1,0,0
5343,76,673,-21740,46264,15,0,00:00:00,0.0,0.0,0.0,0,0,0,0,1,0,0
5343,76,674,-21740,46264,15,0,00:00:00,0.0,0.0,0.0,0,0,0,0,1,0,0
5343,76,674,-21740,46264,15,0,00:00:00,0.0,0.0,0.0,0,0,0,0,1,0,0
5343,77,675,-21740,46264,15,0,00:00:00,0.0,0.0,0.0,0,0,0,0,1,0,0
5343,77,676,-21740,46264,15,0,00:00:00,0.0,0.0,0.0,0,0,0,0,1,0,0
5343,77,677,-21740,46264,15,0,00:00:00,0.0,0.0,0.0,0,0,0,0,1,0,0
5343,77,678,-21740,46264,15,0,00:00:00,0.0,0.0,0.0,0,0,0,0,1,0,0
5343,77,679,-21740,46264,15,0,00:00:00,0.0,0.0,0.0,0,0,0,0,1,0,0
5343,77,680,-21740,46264,15,0,00:00:00,0.0,0.0,0.0,0,0,0,0,1,0,0
5343,77,681,-21740,46264,15,0,00:00:00,0.0,0.0,0.0,0,0,0,0,1,0,0
5343,77,682,-21740,46264,15,0,00:00:00,0.0,0.0,0.0,0,0,0,0,1,0,0
5343,77,683,-21740,46264,15,0,00:00:00,0.0,0.0,0.0,5343,77,683,-21740,46264,15,0,00:00:00,0.0,0.0,0.0,0,0,0,0,1,0,0
5343,78,684,-21740,46264,15,0,00:00:00,0.0,0.0,0.0,0,0,0,0,1,0,0
5343,78,685,-21740,46264,15,0,00:00:00,0.0,0.0,0.0,0,0,0,0,1,0,0
5343,78,686,-21740,46264,15,0,00:00:00,0.0,0.0,0.0,0,0,0,0,1,0,0
5343,78,687,-21740,46264,15,0,00:00:00,0.0,0.0,0.0,0,0,0,0,1,0,0
5343,78,688,-21740,46264,15,0,00:00:00,0.0,0.0,0.0,0,0,0,0,1,0,0
5343,78,689,-21740,46264,15,0,00:00:00,0.0,0.0,0.0,0,0,0,0,1,0,0
5343,78,690,-21740,46264,15,0,00:00:00,0.0,0.0,0.0,0,0,0,0,1,0,0
5343,78,691,-21740,46264,15,0,00:00:00,0.0,0.0,0.0,0,0,0,0,1,0,0
5343,79,693,-21740,46264,15,0,00:00:00,0.0,0.0,0.0,0,0,0,0,1,0,0
5343,79,694,-21740,46264,15,0,00:00:00,0.0,0.0,0.0,0,0,0,0,1,0,0
5343,79,695,-21740,46264,15,0,00:00:00,0.0,0.0,0.0,0,0,0,0,1,0,0
5343,79,696,-21740,46264,15,0,00:00:00,0.0,0.0,0.0,0,0,0,0,1,0,0
5343,79,697,-21740,46264,15,0,00:00:00,0.0,0.0,0.0,0,0,0,0,1,0,0
5343,79,698,-21740,46264,15,0,00:00:00,0.0,0.0,0.0,0,0,0,0,1,0,0
5343,79,699,-21740,46264,15,0,00:00:00,0.0,0.0,0.0,0,0,0,0,1,0,0
5343,79,700,-21740,46264,15,0,00:00:00,0.0,0.0,0.0,0,0,0,0,1,0,0
5343,80,702,-21740,46264,15,0,00:00:00,0.0,0.0,0.0,0,0,0,0,1,0,0
5343,80,703,-21740,46264,15,0,00:00:00,0.0,0.0,0.0,0,0,0,0,1,0,0
5343,80,704,-21740,46264,15,0,00:00:00,0.0,0.0,0.0,0,0,0,0,1,0,0
5343,80,705,-21740,46264,15,0,00:00:00,0.0,0.0,0.0,0,0,0,0,1,0,0
5343,80,706,-21740,46264,15,0,00:00:00,0.0,0.0,0.0,0,0,0,0,1,0,0
5343,80,707,-21740,46264,15,0,00:00:00,0.0,0.0,0.0,0,0,0,0,1,0,0
5343,80,708,-21740,46264,15,0,00:00:00,0.0,0.0,0.0,0,0,0,0,1,0,0
5343,80,709,-21740,46264,15,0,00:00:00,0.0,0.0,0.0,0,0,0,0,1,0,0
5343,80,709,-21740,46264,15,0,00:00:00,0.0,0.0,0.0,0,0,0,0,1,0,0
5343,81,710,-21740,46264,15,0,00:00:00,0.0,0.0,0.0,0,0,0,0,1,0,0
5343,81,711,-21740,46264,15,0,00:00:00,0.0,0.0,0.0,0,0,0,0,1,0,0
5343,81,712,-21740,46264,15,0,00:00:00,0.0,0.0,0.0,0,0,0,0,1,0,0
5343,81,713,-21740,46264,15,0,00:00:00,0.0,0.0,0.0,0,0,0,0,1,0,0
5343,81,714,-21740,46264,15,0,00:00:00,0.0,0.0,0.0,0,0,0,0,1,0,0
5343,81,715,-21740,46264,15,0,00:00:00,0.0,0.0,0.0,0,0,0,0,1,0,0
5343,81,716,-21740,46264,15,0,00:00:00,0.0,0.0,0.0,0,0,0,0,1,0,0
5343,81,717,-21740,46264,15,0,00:00:00,0.0,0.0,0.0,0,0,0,0,1,0,0
5343,81,718,-21740,46264,15,0,00:00:00,0.0,0.0,0.0,0,0,0,5343,81,718,-21740,46264,15,0,00:00:00,0.0,0.0,0.0,0,0,0,0,1,0,0
5343,82,719,-21740,46264,15,0,00:00:00,0.0,0.0,0.0,0,0,0,0,1,0,0
5343,82,720,-21740,46264,15,0,00:00:00,0.0,0.0,0.0,0,0,0,0,1,0,0
5343,82,721,-21740,46264,15,0,00:00:00,0.0,0.0,0.0,0,0,0,0,1,0,0
5343,82,722,-21740,46264,15,0,00:00:00,0.0,0.0,0.0,0,0,0,0,1,0,0
5343,82,723,-21740,46264,15,0,00:00:00,0.0,0.0,0.0,0,0,0,0,1,0,0
5343,82,724,-21740,46264,15,0,00:00:00,0.0,0.0,0.0,0,0,0,0,1,0,0
5343,82,725,-21740,46264,15,0,00:00:00,0.0,0.0,0.0,0,0,0,0,1,0,0
5343,82,726,-21740,46264,15,0,00:00:00,0.0,0.0,0.0,0,0,0,0,1,0,0
5343,83,728,-21740,46264,15,0,00:00:00,0.0,0.0,0.0,0,0,0,0,1,0,0
5343,83,729,-21740,46264,15,0,00:00:00,0.0,0.0,0.0,0,0,0,0,1,0,0
5343,83,730,-21740,46264,15,0,00:00:00,0.0,0.0,0.0,0,0,0,0,1,0,0
5343,83,731,-21740,46264,15,0,00:00:00,0.0,0.0,0.0,0,0,0,0,1,0,0
5343,83,732,-21740,46264,15,0,00:00:00,0.0,0.0,0.0,0,0,0,0,1,0,0
5343,83,733,-21740,46264,15,0,00:00:00,0.0,0.0,0.0,0,0,0,0,1,0,0
5343,83,734,-21740,46264,15,0,00:00:00,0.0,0.0,0.0,0,0,0,0,1,0,0
5343,83,735,-21740,46264,15,0,00:00:00,0.0,0.0,0.0,0,0,0,0,1,0,0
5343,83,736,-5343,83,736,-21740,46264,15,0,00:00:00,0.0,0.0,0.0,0,0,0,0,1,0,0
5343,84,737,-21740,46264,15,0,00:00:00,0.0,0.0,0.0,0,0,0,0,1,0,0
5343,84,738,-21740,46264,15,0,00:00:00,0.0,0.0,0.0,0,0,0,0,1,0,0
5343,84,739,-21740,46264,15,0,00:00:00,0.0,0.0,0.0,0,0,0,0,1,0,0
5343,84,740,-21740,46264,15,0,00:00:00,0.0,0.0,0.0,0,0,0,0,1,0,0
5343,84,741,-21740,46264,15,0,00:00:00,0.0,0.0,0.0,0,0,0,0,1,0,0
5343,84,742,-21740,46264,15,0,00:00:00,0.0,0.0,0.0,0,0,0,0,1,0,0
5343,84,743,-21740,46264,15,0,00:00:00,0.0,0.0,0.0,0,0,0,0,1,0,0
5343,84,744,-21740,46264,15,0,00:00:00,0.0,0.0,0.0,0,0,0,0,1,0,0
5343,84,744,-21740,46264,15,0,00:00:00,0.0,0.0,0.0,0,0,0,0,1,0,0
5343,85,745,-21740,46264,15,0,00:00:00,0.0,0.0,0.0,0,0,0,0,1,0,0
5343,85,746,-21740,46264,15,0,00:00:00,0.0,0.0,0.0,0,0,0,0,1,0,0
5343,85,747,-21740,46264,15,0,00:00:00,0.0,0.0,0.0,0,0,0,0,1,0,0
5343,85,748,-21740,46264,15,0,00:00:00,0.0,0.0,0.0,0,0,0,0,1,0,0
5343,85,749,-21740,46264,15,0,00:00:00,0.0,0.0,0.0,0,0,0,0,1,0,0
5343,85,750,-21740,46264,15,0,00:00:00,0.0,0.0,0.0,0,0,0,0,1,0,0
5343,85,751,-21740,46264,15,0,00:00:00,0.0,0.0,0.0,0,0,0,0,1,0,0
5343,85,752,-21740,46264,15,0,00:00:00,0.0,0.0,0.0,0,0,0,0,1,0,0
5343,85,753,-21740,46264,15,0,00:00:00,0.0,0.0,0.0,0,0,0,0,1,0,5343,85,753,-21740,46264,15,0,00:00:00,0.0,0.0,0.0,0,0,0,0,1,0,0
5343,86,754,-21740,46264,15,0,00:00:00,0.0,0.0,0.0,0,0,0,0,1,0,0
5343,86,755,-21740,46264,15,0,00:00:00,0.0,0.0,0.0,0,0,0,0,1,0,0
5343,86,756,-21740,46264,15,0,00:00:00,0.0,0.0,0.0,0,0,0,0,1,0,0
5343,86,757,-21740,46264,15,0,00:00:00,0.0,0.0,0.0,0,0,0,0,1,0,0
5343,86,758,-21740,46264,15,0,00:00:00,0.0,0.0,0.0,0,0,0,0,1,0,0
5343,86,759,-21740,46264,15,0,00:00:00,0.0,0.0,0.0,0,0,0,0,1,0,0
5343,86,760,-21740,46264,15,0,00:00:00,0.0,0.0,0.0,0,0,0,0,1,0,0
5343,86,761,-21740,46264,15,0,00:00:00,0.0,0.0,0.0,0,0,0,0,1,0,0
5343,86,762,-21740,46264,15,0,00:00:00,0.5343,86,762,-21740,46264,15,0,00:00:00,0.0,0.0,0.0,0,0,0,0,1,0,0
5343,87,763,-21740,46264,15,0,00:00:00,0.0,0.0,0.0,0,0,0,0,1,0,0
5343,87,764,-21740,46264,15,0,00:00:00,0.0,0.0,0.0,0,0,0,0,1,0,0
5343,87,765,-21740,46264,15,0,00:00:00,0.0,0.0,0.0,0,0,0,0,1,0,0
5343,87,766,-21740,46264,15,0,00:00:00,0.0,0.0,0.0,0,0,0,0,1,0,0
5343,87,767,-21740,46264,15,0,00:00:00,0.0,0.0,0.0,0,0,0,0,1,0,0
5343,87,768,-21740,46264,15,0,00:00:00,0.0,0.0,0.0,0,0,0,0,1,0,0
5343,87,769,-21740,46264,15,0,00:00:00,0.0,0.0,0.0,0,0,0,0,1,0,0
5343,87,770,-21740,46264,15,0,00:00:00,0.0,0.0,0.0,0,0,0,0,1,0,0
5343,87,771,-217405343,87,771,-21740,46264,15,0,00:00:00,0.0,0.0,0.0,0,0,0,0,1,0,0
5343,88,772,-21740,46264,15,0,00:00:00,0.0,0.0,0.0,0,0,0,0,1,0,0
5343,88,773,-21740,46264,15,0,00:00:00,0.0,0.0,0.0,0,0,0,0,1,0,0
5343,88,774,-21740,46264,15,0,00:00:00,0.0,0.0,0.0,0,0,0,0,1,0,0
5343,88,775,-21740,46264,15,0,00:00:00,0.0,0.0,0.0,0,0,0,0,1,0,0
5343,88,776,-21740,46264,15,0,00:00:00,0.0,0.0,0.0,0,0,0,0,1,0,0
5343,88,777,-21740,46264,15,0,00:00:00,0.0,0.0,0.0,0,0,0,0,1,0,0
5343,88,778,-21740,46264,15,0,00:00:00,0.0,0.0,0.0,0,0,0,0,1,0,0
5343,88,779,-21740,46264,15,0,00:00:00,0.0,0.0,0.0,0,0,0,0,1,0,0
5343,88,779,-21740,46264,15,0,00:00:00,0.0,0.0,0.0,0,0,0,0,1,0,0
5343,89,780,-21740,46264,15,0,00:00:00,0.0,0.0,0.0,0,0,0,0,1,0,0
5343,89,781,-21740,46264,15,0,00:00:00,0.0,0.0,0.0,0,0,0,0,1,0,0
5343,89,782,-21740,46264,15,0,00:00:00,0.0,0.0,0.0,0,0,0,0,1,0,0
5343,89,783,-21740,46264,15,0,00:00:00,0.0,0.0,0.0,0,0,0,0,1,0,0
5343,89,784,-21740,46264,15,0,00:00:00,0.0,0.0,0.0,0,0,0,0,1,0,0
5343,89,785,-21740,46264,15,0,00:00:00,0.0,0.0,0.0,0,0,0,0,1,0,0
5343,89,786,-21740,46264,15,0,00:00:00,0.0,0.0,0.0,0,0,0,0,1,0,0
5343,89,787,-21740,46264,15,0,00:00:00,0.0,0.0,0.0,0,0,0,0,1,0,0
5343,89,788,-21740,46264,15,0,00:00:00,0.0,0.0,0.0,0,0,0,0,1,0,0
5343,89,788,-21740,46264,15,0,00:00:00,0.0,0.0,0.0,0,0,0,0,1,0,0
5343,90,789,-21740,46264,15,0,00:00:00,0.0,0.0,0.0,0,0,0,0,1,0,0
5343,90,790,-21740,46264,15,0,00:00:00,0.0,0.0,0.0,0,0,0,0,1,0,0
5343,90,791,-21740,46264,15,0,00:00:00,0.0,0.0,0.0,0,0,0,0,1,0,0
5343,90,792,-21740,46264,15,0,00:00:00,0.0,0.0,0.0,0,0,0,0,1,0,0
5343,90,793,-21740,46264,15,0,00:00:00,0.0,0.0,0.0,0,0,0,0,1,0,0
5343,90,794,-21740,46264,15,0,00:00:00,0.0,0.0,0.0,0,0,0,0,1,0,0
5343,90,795,-21740,46264,15,0,00:00:00,0.0,0.0,0.0,0,0,0,0,1,0,0
5343,90,796,-21740,46264,15,0,00:00:00,0.0,0.0,0.0,0,0,0,0,1,0,0
5343,90,797,-21740,46264,15,0,00:00:00,0.0,0.0,0.05343,90,797,-21740,46264,15,0,00:00:00,0.0,0.0,0.0,0,0,0,0,1,0,0
5343,91,798,-21740,46264,15,0,00:00:00,0.0,0.0,0.0,0,0,0,0,1,0,0
5343,91,799,-21740,46264,15,0,00:00:00,0.0,0.0,0.0,0,0,0,0,1,0,0
5343,91,800,-21740,46264,15,0,00:00:00,0.0,0.0,0.0,0,0,0,0,1,0,0
5343,91,801,-21740,46264,15,0,00:00:00,0.0,0.0,0.0,0,0,0,0,1,0,0
5343,91,802,-21740,46264,15,0,00:00:00,0.0,0.0,0.0,0,0,0,0,1,0,0
5343,91,803,-21740,46264,15,0,00:00:00,0.0,0.0,0.0,0,0,0,0,1,0,0
5343,91,804,-21740,46264,15,0,00:00:00,0.0,0.0,0.0,0,0,0,0,1,0,0
5343,91,805,-21740,46264,15,0,00:00:00,0.0,0.0,0.0,0,0,0,0,1,0,0
5343,92,807,-21740,46264,15,0,00:00:00,0.0,0.0,0.0,0,0,0,0,1,0,0
5343,92,808,-21740,46264,15,0,00:00:00,0.0,0.0,0.0,0,0,0,0,1,0,0
5343,92,809,-21740,46264,15,0,00:00:00,0.0,0.0,0.0,0,0,0,0,1,0,0
5343,92,810,-21740,46264,15,0,00:00:00,0.0,0.0,0.0,0,0,0,0,1,0,0
5343,92,811,-21740,46264,15,0,00:00:00,0.0,0.0,0.0,0,0,0,0,1,0,0
5343,92,812,-21740,46264,15,0,00:00:00,0.0,0.0,0.0,0,0,0,0,1,0,0
5343,92,813,-21740,46264,15,0,00:00:00,0.0,0.0,0.0,0,0,0,0,1,0,0
5343,92,814,-21740,46264,15,0,00:00:00,0.0,0.0,0.0,0,0,0,0,1,0,0
5343,93,816,-21740,46264,15,0,00:00:00,0.0,0.0,0.0,0,0,0,0,1,0,0
5343,93,817,-21740,46264,15,0,00:00:00,0.0,0.0,0.0,0,0,0,0,1,0,0
5343,93,818,-21740,46264,15,0,00:00:00,0.0,0.0,0.0,0,0,0,0,1,0,0
5343,93,819,-21740,46264,15,0,00:00:00,0.0,0.0,0.0,0,0,0,0,1,0,0
5343,93,820,-21740,46264,15,0,00:00:00,0.0,0.0,0.0,0,0,0,0,1,0,0
5343,93,821,-21740,46264,15,0,00:00:00,0.0,0.0,0.0,0,0,0,0,1,0,0
5343,93,822,-21740,46264,15,0,00:00:00,0.0,0.0,0.0,0,0,0,0,1,0,0
5343,93,823,-21740,46264,15,0,00:00:00,0.0,0.0,0.0,0,0,0,0,1,0,0
5343,93,823,-21740,46264,15,0,00:00:00,0.0,0.0,0.0,0,0,0,0,1,0,0
5343,94,824,-21740,46264,15,0,00:00:00,0.0,0.0,0.0,0,0,0,0,1,0,0
5343,94,825,-21740,46264,15,0,00:00:00,0.0,0.0,0.0,0,0,0,0,1,0,0
5343,94,826,-21740,46264,15,0,00:00:00,0.0,0.0,0.0,0,0,0,0,1,0,0
5343,94,827,-21740,46264,15,0,00:00:00,0.0,0.0,0.0,0,0,0,0,1,0,0
5343,94,828,-21740,46264,15,0,00:00:00,0.0,0.0,0.0,0,0,0,0,1,0,0
5343,94,829,-21740,46264,15,0,00:00:00,0.0,0.0,0.0,0,0,0,0,1,0,0
5343,94,830,-21740,46264,15,0,00:00:00,0.0,0.0,0.0,0,0,0,0,1,0,0
5343,94,831,-21740,46264,15,0,00:00:00,0.0,0.0,0.0,0,0,0,0,1,0,0
5343,94,832,-21740,46264,15,0,00:00:00,0.0,0.0,0.0,0,0,5343,94,832,-21740,46264,15,0,00:00:00,0.0,0.0,0.0,0,0,0,0,1,0,0
5343,95,833,-21740,46264,15,0,00:00:00,0.0,0.0,0.0,0,0,0,0,1,0,0
5343,95,834,-21740,46264,15,0,00:00:00,0.0,0.0,0.0,0,0,0,0,1,0,0
5343,95,835,-21740,46264,15,0,00:00:00,0.0,0.0,0.0,0,0,0,0,1,0,0
5343,95,836,-21740,46264,15,0,00:00:00,0.0,0.0,0.0,0,0,0,0,1,0,0
5343,95,837,-21740,46264,15,0,00:00:00,0.0,0.0,0.0,0,0,0,0,1,0,0
5343,95,838,-21740,46264,15,0,00:00:00,0.0,0.0,0.0,0,0,0,0,1,0,0
5343,95,839,-21740,46264,15,0,00:00:00,0.0,0.0,0.0,0,0,0,0,1,0,0
5343,95,840,-21740,46264,15,0,00:00:00,0.0,0.0,0.0,0,0,0,0,1,0,0
5343,96,842,-21740,46264,15,0,00:00:00,0.0,0.0,0.0,0,0,0,0,1,0,0
5343,96,843,-21740,46264,15,0,00:00:00,0.0,0.0,0.0,0,0,0,0,1,0,0
5343,96,844,-21740,46264,15,0,00:00:00,0.0,0.0,0.0,0,0,0,0,1,0,0
5343,96,845,-21740,46264,15,0,00:00:00,0.0,0.0,0.0,0,0,0,0,1,0,0
5343,96,846,-21740,46264,15,0,00:00:00,0.0,0.0,0.0,0,0,0,0,1,0,0
5343,96,847,-21740,46264,15,0,00:00:00,0.0,0.0,0.0,0,0,0,0,1,0,0
5343,96,848,-21740,46264,15,0,00:00:00,0.0,0.0,0.0,0,0,0,0,1,0,0
5343,96,849,-21740,46264,15,0,00:00:00,0.0,0.0,0.0,0,0,0,0,1,0,0
5343,97,851,-21740,46264,15,0,00:00:00,0.0,0.0,0.0,0,0,0,0,1,0,0
5343,97,852,-21740,46264,15,0,00:00:00,0.0,0.0,0.0,0,0,0,0,1,0,0
5343,97,853,-21740,46264,15,0,00:00:00,0.0,0.0,0.0,0,0,0,0,1,0,0
5343,97,854,-21740,46264,15,0,00:00:00,0.0,0.0,0.0,0,0,0,0,1,0,0
5343,97,855,-21740,46264,15,0,00:00:00,0.0,0.0,0.0,0,0,0,0,1,0,0
5343,97,856,-21740,46264,15,0,00:00:00,0.0,0.0,0.0,0,0,0,0,1,0,0
5343,97,857,-21740,46264,15,0,00:00:00,0.0,0.0,0.0,0,0,0,0,1,0,0
5343,97,858,-21740,46264,15,0,00:00:00,0.0,0.0,0.0,0,0,0,0,1,0,0
5343,97,858,-21740,46264,15,0,00:00:00,0.0,0.0,0.0,0,0,0,0,1,0,0
5343,98,859,-21740,46264,15,0,00:00:00,0.0,0.0,0.0,0,0,0,0,1,0,0
5343,98,860,-21740,46264,15,0,00:00:00,0.0,0.0,0.0,0,0,0,0,1,0,0
5343,98,861,-21740,46264,15,0,00:00:00,0.0,0.0,0.0,0,0,0,0,1,0,0
5343,98,862,-21740,46264,15,0,00:00:00,0.0,0.0,0.0,0,0,0,0,1,0,0
5343,98,863,-21740,46264,15,0,00:00:00,0.0,0.0,0.0,0,0,0,0,1,0,0
5343,98,864,-21740,46264,15,0,00:00:00,0.0,0.0,0.0,0,0,0,0,1,0,0
5343,98,865,-21740,46264,15,0,00:00:00,0.0,0.0,0.0,0,0,0,0,1,0,0
5343,98,866,-21740,46264,15,0,00:00:00,0.0,0.0,0.0,0,0,0,0,1,0,0
5343,98,867,-21740,46264,15,0,00:00:00,0.0,0.0,0.0,0,0,0,0,1,5343,98,867,-21740,46264,15,0,00:00:00,0.0,0.0,0.0,0,0,0,0,1,0,0
5343,99,868,-21740,46264,15,0,00:00:00,0.0,0.0,0.0,0,0,0,0,1,0,0
5343,99,869,-21740,46264,15,0,00:00:00,0.0,0.0,0.0,0,0,0,0,1,0,0
5343,99,870,-21740,46264,15,0,00:00:00,0.0,0.0,0.0,0,0,0,0,1,0,0
5343,99,871,-21740,46264,15,0,00:00:00,0.0,0.0,0.0,0,0,0,0,1,0,0
5343,99,872,-21740,46264,15,0,00:00:00,0.0,0.0,0.0,0,0,0,0,1,0,0
5343,99,873,-21740,46264,15,0,00:00:00,0.0,0.0,0.0,0,0,0,0,1,0,0
5343,99,874,-21740,46264,15,0,00:00:00,0.0,0.0,0.0,0,0,0,0,1,0,0
5343,99,875,-21740,46264,15,0,00:00:00,0.0,0.0,0.0,0,0,0,0,1,0,0
5343,99,876,-21740,46264,15,0,00:00:00,5343,99,876,-21740,46264,15,0,00:00:00,0.0,0.0,0.0,0,0,0,0,1,0,0
5343,100,877,-21740,46264,15,0,00:00:00,0.0,0.0,0.0,0,0,0,0,1,0,0
5343,100,878,-21740,46264,15,0,00:00:00,0.0,0.0,0.0,0,0,0,0,1,0,0
5343,100,879,-21740,46264,15,0,00:00:00,0.0,0.0,0.0,0,0,0,0,1,0,0
5343,100,880,-21740,46264,15,0,00:00:00,0.0,0.0,0.0,0,0,0,0,1,0,0
5343,100,881,-21740,46264,15,0,00:00:00,0.0,0.0,0.0,0,0,0,0,1,0,0
5343,100,882,-21740,46264,15,0,00:00:00,0.0,0.0,0.0,0,0,0,0,1,0,0
5343,100,883,-21740,46264,15,0,00:00:00,0.0,0.0,0.0,0,0,0,0,1,0,0
5343,100,884,-21740,46264,15,0,00:00:00,0.0,0.0,0.0,0,0,0,0,1,0,0
5343,101,886,-21740,46264,15,0,00:00:00,0.0,0.0,0.0,0,0,0,0,1,0,0
5343,101,887,-21740,46264,15,0,00:00:00,0.0,0.0,0.0,0,0,0,0,1,0,0
5343,101,888,-21740,46264,15,0,00:00:00,0.0,0.0,0.0,0,0,0,0,1,0,0
5343,101,889,-21740,46264,15,0,00:00:00,0.0,0.0,0.0,0,0,0,0,1,0,0
5343,101,890,-21740,46264,15,0,00:00:00,0.0,0.0,0.0,0,0,0,0,1,0,0
5343,101,891,-21740,46264,15,0,00:00:00,0.0,0.0,0.0,0,0,0,0,1,0,0
5343,101,892,-21740,46264,15,0,00:00:00,0.0,0.0,0.0,0,0,0,0,1,0,0
5343,101,893,-21740,46264,15,0,00:00:00,0.0,0.0,0.0,0,0,0,0,1,0,0
5343,101,893,-21740,46264,15,0,00:00:00,0.0,0.0,0.0,0,0,0,0,1,0,0
5343,102,894,-21740,46264,15,0,00:00:00,0.0,0.0,0.0,0,0,0,0,1,0,0
5343,102,895,-21740,46264,15,0,00:00:00,0.0,0.0,0.0,0,0,0,0,1,0,0
5343,102,896,-21740,46264,15,0,00:00:00,0.0,0.0,0.0,0,0,0,0,1,0,0
5343,102,897,-21740,46264,15,0,00:00:00,0.0,0.0,0.0,0,0,0,0,1,0,0
5343,102,898,-21740,46264,15,0,00:00:00,0.0,0.0,0.0,0,0,0,0,1,0,0
5343,102,899,-21740,46264,15,0,00:00:00,0.0,0.0,0.0,0,0,0,0,1,0,0
5343,102,900,-21740,46264,15,0,00:00:00,0.0,0.0,0.0,0,0,0,0,1,0,0
5343,102,901,-21740,46264,15,0,00:00:00,0.0,0.0,0.0,0,0,0,0,1,0,0
5343,102,902,-21740,46264,15,0,00:00:00,5343,102,902,-21740,46264,15,0,00:00:00,0.0,0.0,0.0,0,0,0,0,1,0,0
5343,103,903,-21740,46264,15,0,00:00:00,0.0,0.0,0.0,0,0,0,0,1,0,0
5343,103,904,-21740,46264,15,0,00:00:00,0.0,0.0,0.0,0,0,0,0,1,0,0
5343,103,905,-21740,46264,15,0,00:00:00,0.0,0.0,0.0,0,0,0,0,1,0,0
5343,103,906,-21740,46264,15,0,00:00:00,0.0,0.0,0.0,0,0,0,0,1,0,0
5343,103,907,-21740,46264,15,0,00:00:00,0.0,0.0,0.0,0,0,0,0,1,0,0
5343,103,908,-21740,46264,15,0,00:00:00,0.0,0.0,0.0,0,0,0,0,1,0,0
5343,103,909,-21740,46264,15,0,00:00:00,0.0,0.0,0.0,0,0,0,0,1,0,0
5343,103,910,-21740,46264,15,0,00:00:00,0.0,0.0,0.0,0,0,0,0,1,0,0
5343,104,912,-21740,46264,15,0,00:00:00,0.0,0.0,0.0,0,0,0,0,1,0,0
5343,104,913,-21740,46264,15,0,00:00:00,0.0,0.0,0.0,0,0,0,0,1,0,0
5343,104,914,-21740,46264,15,0,00:00:00,0.0,0.0,0.0,0,0,0,0,1,0,0
5343,104,915,-21740,46264,15,0,00:00:00,0.0,0.0,0.0,0,0,0,0,1,0,0
5343,104,916,-21740,46264,15,0,00:00:00,0.0,0.0,0.0,0,0,0,0,1,0,0
5343,104,917,-21740,46264,15,0,00:00:00,0.0,0.0,0.0,0,0,0,0,1,0,0
5343,104,918,-21740,46264,15,0,00:00:00,0.0,0.0,0.0,0,0,0,0,1,0,0
5343,104,919,-21740,46264,15,0,00:00:00,0.0,0.0,0.0,0,0,0,0,1,0,0
5343,104,919,-21740,46264,15,0,00:00:00,0.0,0.0,0.0,0,0,0,0,1,0,0
5343,105,920,-21740,46264,15,0,00:00:00,0.0,0.0,0.0,0,0,0,0,1,0,0
5343,105,921,-21740,46264,15,0,00:00:00,0.0,0.0,0.0,0,0,0,0,1,0,0
5343,105,922,-21740,46264,15,0,00:00:00,0.0,0.0,0.0,0,0,0,0,1,0,0
5343,105,923,-21740,46264,15,0,00:00:00,0.0,0.0,0.0,0,0,0,0,1,0,0
5343,105,924,-21740,46264,15,0,00:00:00,0.0,0.0,0.0,0,0,0,0,1,0,0
5343,105,925,-21740,46264,15,0,00:00:00,0.0,0.0,0.0,0,0,0,0,1,0,0
5343,105,926,-21740,46264,15,0,00:00:00,0.0,0.0,0.0,0,0,0,0,1,0,0
5343,105,927,-21740,46264,15,0,00:00:00,0.0,0.0,0.0,0,0,0,0,1,0,0
5343,106,929,-21740,46264,15,0,00:00:00,0.0,0.0,0.0,0,0,0,0,1,0,0
5343,106,930,-21740,46264,15,0,00:00:00,0.0,0.0,0.0,0,0,0,0,1,0,0
5343,106,931,-21740,46264,15,0,00:00:00,0.0,0.0,0.0,0,0,0,0,1,0,0
5343,106,932,-21740,46264,15,0,00:00:00,0.0,0.0,0.0,0,0,0,0,1,0,0
5343,106,933,-21740,46264,15,0,00:00:00,0.0,0.0,0.0,0,0,0,0,1,0,0
5343,106,934,-21740,46264,15,0,00:00:00,0.0,0.0,0.0,0,0,0,0,1,0,0
5343,106,935,-21740,46264,15,0,00:00:00,0.0,0.0,0.0,0,0,0,0,1,0,0
5343,106,936,-21740,46264,15,0,00:00:00,0.0,0.0,0.0,0,0,0,0,1,0,0
5343,107,938,-21740,46264,15,0,00:00:00,0.0,0.0,0.0,0,0,0,0,1,0,0
5343,107,939,-21740,46264,15,0,00:00:00,0.0,0.0,0.0,0,0,0,0,1,0,0
5343,107,940,-21740,46264,15,0,00:00:00,0.0,0.0,0.0,0,0,0,0,1,0,0
5343,107,941,-21740,46264,15,0,00:00:00,0.0,0.0,0.0,0,0,0,0,1,0,0
5343,107,942,-21740,46264,15,0,00:00:00,0.0,0.0,0.0,0,0,0,0,1,0,0
5343,107,943,-21740,46264,15,0,00:00:00,0.0,0.0,0.0,0,0,0,0,1,0,0
5343,107,944,-21740,46264,15,0,00:00:00,0.0,0.0,0.0,0,0,0,0,1,0,0
5343,107,945,-21740,46264,15,0,00:00:00,0.0,0.0,0.0,0,0,0,0,1,0,0
5343,107,945,-21740,46264,15,0,00:00:00,0.0,0.0,0.0,0,0,0,0,1,0,0
5343,108,946,-21740,46264,15,0,00:00:00,0.0,0.0,0.0,0,0,0,0,1,0,0
5343,108,947,-21740,46264,15,0,00:00:00,0.0,0.0,0.0,0,0,0,0,1,0,0
5343,108,948,-21740,46264,15,0,00:00:00,0.0,0.0,0.0,0,0,0,0,1,0,0
5343,108,949,-21740,46264,15,0,00:00:00,0.0,0.0,0.0,0,0,0,0,1,0,0
5343,108,950,-21740,46264,15,0,00:00:00,0.0,0.0,0.0,0,0,0,0,1,0,0
5343,108,951,-21740,46264,15,0,00:00:00,0.0,0.0,0.0,0,0,0,0,1,0,0
5343,108,952,-21740,46264,15,0,00:00:00,0.0,0.0,0.0,0,0,0,0,1,0,0
5343,108,953,-21740,46264,15,0,00:00:00,0.0,0.0,0.0,0,0,0,0,1,0,0
5343,109,955,-21740,46264,15,0,00:00:00,0.0,0.0,0.0,0,0,0,0,1,0,0
5343,109,956,-21740,46264,15,0,00:00:00,0.0,0.0,0.0,0,0,0,0,1,0,0
5343,109,957,-21740,46264,15,0,00:00:00,0.0,0.0,0.0,0,0,0,0,1,0,0
5343,109,958,-21740,46264,15,0,00:00:00,0.0,0.0,0.0,0,0,0,0,1,0,0
5343,109,959,-21740,46264,15,0,00:00:00,0.0,0.0,0.0,0,0,0,0,1,0,0
5343,109,960,-21740,46264,15,0,00:00:00,0.0,0.0,0.0,0,0,0,0,1,0,0
5343,109,961,-21740,46264,15,0,00:00:00,0.0,0.0,0.0,0,0,0,0,1,0,0
5343,109,962,-21740,46264,15,0,00:00:00,0.0,0.0,0.0,0,0,0,0,1,0,0
5343,110,964,-21740,46264,15,0,00:00:00,0.0,0.0,0.0,0,0,0,0,1,0,0
5343,110,965,-21740,46264,15,0,00:00:00,0.0,0.0,0.0,0,0,0,0,1,0,0
5343,110,966,-21740,46264,15,0,00:00:00,0.0,0.0,0.0,0,0,0,0,1,0,0
5343,110,967,-21740,46264,15,0,00:00:00,0.0,0.0,0.0,0,0,0,0,1,0,0
5343,110,968,-21740,46264,15,0,00:00:00,0.0,0.0,0.0,0,0,0,0,1,0,0
5343,110,969,-21740,46264,15,0,00:00:00,0.0,0.0,0.0,0,0,0,0,1,0,0
5343,110,970,-21740,46264,15,0,00:00:00,0.0,0.0,0.0,0,0,0,0,1,0,0
5343,110,971,-21740,46264,15,0,00:00:00,0.0,0.0,0.0,0,0,0,0,1,0,05343,110,971,-21740,46264,15,0,00:00:00,0.0,0.0,0.0,0,0,0,0,1,0,0
5343,111,972,-21740,46264,15,0,00:00:00,0.0,0.0,0.0,0,0,0,0,1,0,0
5343,111,973,-21740,46264,15,0,00:00:00,0.0,0.0,0.0,0,0,0,0,1,0,0
5343,111,974,-21740,46264,15,0,00:00:00,0.0,0.0,0.0,0,0,0,0,1,0,0
5343,111,975,-21740,46264,15,0,00:00:00,0.0,0.0,0.0,0,0,0,0,1,0,0
5343,111,976,-21740,46264,15,0,00:00:00,0.0,0.0,0.0,0,0,0,0,1,0,0
5343,111,977,-21740,46264,15,0,00:00:00,0.0,0.0,0.0,0,0,0,0,1,0,0
5343,111,978,-21740,46264,15,0,00:00:00,0.0,0.0,0.0,0,0,0,0,1,0,0
5343,111,979,-21740,46264,15,0,00:00:00,0.0,0.0,0.0,0,0,0,0,1,0,0
5343,112,981,-21740,46264,15,0,00:00:00,0.0,0.0,0.0,0,0,0,0,1,0,0
5343,112,982,-21740,46264,15,0,00:00:00,0.0,0.0,0.0,0,0,0,0,1,0,0
5343,112,983,-21740,46264,15,0,00:00:00,0.0,0.0,0.0,0,0,0,0,1,0,0
5343,112,984,-21740,46264,15,0,00:00:00,0.0,0.0,0.0,0,0,0,0,1,0,0
5343,112,985,-21740,46264,15,0,00:00:00,0.0,0.0,0.0,0,0,0,0,1,0,0
5343,112,986,-21740,46264,15,0,00:00:00,0.0,0.0,0.0,0,0,0,0,1,0,0
5343,112,987,-21740,46264,15,0,00:00:00,0.0,0.0,0.0,0,0,0,0,1,0,0
5343,112,988,-21740,46264,15,0,00:00:00,0.0,0.0,0.0,0,0,0,0,1,0,0
5343,112,988,-21740,46264,15,0,00:00:00,0.0,0.0,0.0,0,0,0,0,1,0,0
5343,113,989,-21740,46264,15,0,00:00:00,0.0,0.0,0.0,0,0,0,0,1,0,0
5343,113,990,-21740,46264,15,0,00:00:00,0.0,0.0,0.0,0,0,0,0,1,0,0
5343,113,991,-21740,46264,15,0,00:00:00,0.0,0.0,0.0,0,0,0,0,1,0,0
5343,113,992,-21740,46264,15,0,00:00:00,0.0,0.0,0.0,0,0,0,0,1,0,0
5343,113,993,-21740,46264,15,0,00:00:00,0.0,0.0,0.0,0,0,0,0,1,0,0
5343,113,994,-21740,46264,15,0,00:00:00,0.0,0.0,0.0,0,0,0,0,1,0,0
5343,113,995,-21740,46264,15,0,00:00:00,0.0,0.0,0.0,0,0,0,0,1,0,0
5343,113,996,-21740,46264,15,0,00:00:00,0.0,0.0,0.0,0,0,0,0,1,0,0
5343,113,997,-21740,46264,15,0,00:00:00,0.0,0.0,0.0,0,0,0,0,1,05343,113,997,-21740,46264,15,0,00:00:00,0.0,0.0,0.0,0,0,0,0,1,0,0
5343,114,998,-21740,46264,15,0,00:00:00,0.0,0.0,0.0,0,0,0,0,1,0,0
5343,114,999,-21740,46264,15,0,00:00:00,0.0,0.0,0.0,0,0,0,0,1,0,0
5343,114,1000,-21740,46264,15,0,00:00:00,0.0,0.0,0.0,0,0,0,0,1,0,0
5343,114,1001,-21740,46264,15,0,00:00:00,0.0,0.0,0.0,0,0,0,0,1,0,0
5343,114,1002,-21740,46264,15,0,00:00:00,0.0,0.0,0.0,0,0,0,0,1,0,0
5343,114,1003,-21740,46264,15,0,00:00:00,0.0,0.0,0.0,0,0,0,0,1,0,0
5343,114,1004,-21740,46264,15,0,00:00:00,0.0,0.0,0.0,0,0,0,0,1,0,0
5343,114,1005,-21740,46264,15,0,00:00:00,0.0,0.0,0.0,0,0,0,0,1,0,0
5343,114,1006,-21740,46265343,114,1006,-21740,46264,15,0,00:00:00,0.0,0.0,0.0,0,0,0,0,1,0,0
5343,115,1007,-21740,46264,15,0,00:00:00,0.0,0.0,0.0,0,0,0,0,1,0,0
5343,115,1008,-21740,46264,15,0,00:00:00,0.0,0.0,0.0,0,0,0,0,1,0,0
5343,115,1009,-21740,46264,15,0,00:00:00,0.0,0.0,0.0,0,0,0,0,1,0,0
5343,115,1010,-21740,46264,15,0,00:00:00,0.0,0.0,0.0,0,0,0,0,1,0,0
5343,115,1011,-21740,46264,15,0,00:00:00,0.0,0.0,0.0,0,0,0,0,1,0,0
5343,115,1012,-21740,46264,15,0,00:00:00,0.0,0.0,0.0,0,0,0,0,1,0,0
5343,115,1013,-21740,46264,15,0,00:00:00,0.0,0.0,0.0,0,0,0,0,1,0,0
5343,115,1014,-21740,46264,15,0,00:00:00,0.0,0.0,0.0,0,0,0,0,1,0,0
5343,115,1014,-21740,46264,15,0,00:00:00,0.0,0.0,0.0,0,0,0,0,1,0,0
5343,116,1015,-21740,46264,15,0,00:00:00,0.0,0.0,0.0,0,0,0,0,1,0,0
5343,116,1016,-21740,46264,15,0,00:00:00,0.0,0.0,0.0,0,0,0,0,1,0,0
5343,116,1017,-21740,46264,15,0,00:00:00,0.0,0.0,0.0,0,0,0,0,1,0,0
5343,116,1018,-21740,46264,15,0,00:00:00,0.0,0.0,0.0,0,0,0,0,1,0,0
5343,116,1019,-21740,46264,15,0,00:00:00,0.0,0.0,0.0,0,0,0,0,1,0,0
5343,116,1020,-21740,46264,15,0,00:00:00,0.0,0.0,0.0,0,0,0,0,1,0,0
5343,116,1021,-21740,46264,15,0,00:00:00,0.0,0.0,0.0,0,0,0,0,1,0,0
5343,116,1022,-21740,46264,15,0,00:00:00,0.0,0.0,0.0,0,0,0,0,1,0,0
5343,117,1024,-21740,46264,15,0,00:00:00,0.0,0.0,0.0,0,0,0,0,1,0,0
5343,117,1025,-21740,46264,15,0,00:00:00,0.0,0.0,0.0,0,0,0,0,1,0,0
5343,117,1026,-21740,46264,15,0,00:00:00,0.0,0.0,0.0,0,0,0,0,1,0,0
5343,117,1027,-21740,46264,15,0,00:00:00,0.0,0.0,0.0,0,0,0,0,1,0,0
5343,117,1028,-21740,46264,15,0,00:00:00,0.0,0.0,0.0,0,0,0,0,1,0,0
5343,117,1029,-21740,46264,15,0,00:00:00,0.0,0.0,0.0,0,0,0,0,1,0,0
5343,117,1030,-21740,46264,15,0,00:00:00,0.0,0.0,0.0,0,0,0,0,1,0,0
5343,117,1031,-21740,46264,15,0,00:00:00,0.0,0.0,0.0,0,0,0,0,1,0,0
5343,117,1031,-21740,46264,15,0,00:00:00,0.0,0.0,0.0,0,0,0,0,1,0,0
5343,118,1032,-21740,46264,15,0,00:00:00,0.0,0.0,0.0,0,0,0,0,1,0,0
5343,118,1033,-21740,46264,15,0,00:00:00,0.0,0.0,0.0,0,0,0,0,1,0,0
5343,118,1034,-21740,46264,15,0,00:00:00,0.0,0.0,0.0,0,0,0,0,1,0,0
5343,118,1035,-21740,46264,15,0,00:00:00,0.0,0.0,0.0,0,0,0,0,1,0,0
5343,118,1036,-21740,46264,15,0,00:00:00,0.0,0.0,0.0,0,0,0,0,1,0,0
5343,118,1037,-21740,46264,15,0,00:00:00,0.0,0.0,0.0,0,0,0,0,1,0,0
5343,118,1038,-21740,46264,15,0,00:00:00,0.0,0.0,0.0,0,0,0,0,1,0,0
5343,118,1039,-21740,46264,15,0,00:00:00,0.0,0.0,0.0,0,0,0,0,1,0,0
5343,118,1040,-21740,46264,15,0,00:00:00,0.0,0.0,05343,118,1040,-21740,46264,15,0,00:00:00,0.0,0.0,0.0,0,0,0,0,1,0,0
5343,119,1041,-21740,46264,15,0,00:00:00,0.0,0.0,0.0,0,0,0,0,1,0,0
5343,119,1042,-21740,46264,15,0,00:00:00,0.0,0.0,0.0,0,0,0,0,1,0,0
5343,119,1043,-21740,46264,15,0,00:00:00,0.0,0.0,0.0,0,0,0,0,1,0,0
5343,119,1044,-21740,46264,15,0,00:00:00,0.0,0.0,0.0,0,0,0,0,1,0,0
5343,119,1045,-21740,46264,15,0,00:00:00,0.0,0.0,0.0,0,0,0,0,1,0,0
5343,119,1046,-21740,46264,15,0,00:00:00,0.0,0.0,0.0,0,0,0,0,1,0,0
5343,119,1047,-21740,46264,15,0,00:00:00,0.0,0.0,0.0,0,0,0,0,1,0,0
5343,119,1048,-21740,46264,15,0,00:00:00,0.0,0.0,0.0,0,0,0,0,1,0,0
5343,120,1050,-21740,46264,15,0,00:00:00,0.0,0.0,0.0,0,0,0,0,1,0,0
5343,120,1051,-21740,46264,15,0,00:00:00,0.0,0.0,0.0,0,0,0,0,1,0,0
5343,120,1052,-21740,46264,15,0,00:00:00,0.0,0.0,0.0,0,0,0,0,1,0,0
5343,120,1053,-21740,46264,15,0,00:00:00,0.0,0.0,0.0,0,0,0,0,1,0,0
5343,120,1054,-21740,46264,15,0,00:00:00,0.0,0.0,0.0,0,0,0,0,1,0,0
5343,120,1055,-21740,46264,15,0,00:00:00,0.0,0.0,0.0,0,0,0,0,1,0,0
5343,120,1056,-21740,46264,15,0,00:00:00,0.0,0.0,0.0,0,0,0,0,1,0,0
5343,120,1057,-21740,46264,15,0,00:00:00,0.0,0.0,0.0,0,0,0,5343,120,1057,-21740,46264,15,0,00:00:00,0.0,0.0,0.0,0,0,0,0,1,0,0
5343,121,1058,-21740,46264,15,0,00:00:00,0.0,0.0,0.0,0,0,0,0,1,0,0
5343,121,1059,-21740,46264,15,0,00:00:00,0.0,0.0,0.0,0,0,0,0,1,0,0
5343,121,1060,-21740,46264,15,0,00:00:00,0.0,0.0,0.0,0,0,0,0,1,0,0
5343,121,1061,-21740,46264,15,0,00:00:00,0.0,0.0,0.0,0,0,0,0,1,0,0
5343,121,1062,-21740,46264,15,0,00:00:00,0.0,0.0,0.0,0,0,0,0,1,0,0
5343,121,1063,-21740,46264,15,0,00:00:00,0.0,0.0,0.0,0,0,0,0,1,0,0
5343,121,1064,-21740,46264,15,0,00:00:00,0.0,0.0,0.0,0,0,0,0,1,0,0
5343,121,1065,-21740,46264,15,0,00:00:00,0.0,0.0,0.0,0,0,0,0,1,0,0
5343,121,1066,-25343,121,1066,-21740,46264,15,0,00:00:00,0.0,0.0,0.0,0,0,0,0,1,0,0
5343,122,1067,-21740,46264,15,0,00:00:00,0.0,0.0,0.0,0,0,0,0,1,0,0
5343,122,1068,-21740,46264,15,0,00:00:00,0.0,0.0,0.0,0,0,0,0,1,0,0
5343,122,1069,-21740,46264,15,0,00:00:00,0.0,0.0,0.0,0,0,0,0,1,0,0
5343,122,1070,-21740,46264,15,0,00:00:00,0.0,0.0,0.0,0,0,0,0,1,0,0
5343,122,1071,-21740,46264,15,0,00:00:00,0.0,0.0,0.0,0,0,0,0,1,0,0
5343,122,1072,-21740,46264,15,0,00:00:00,0.0,0.0,0.0,0,0,0,0,1,0,0
5343,122,1073,-21740,46264,15,0,00:00:00,0.0,0.0,0.0,0,0,0,0,1,0,0
5343,122,1074,-21740,46264,15,0,00:00:00,0.0,0.0,0.0,0,0,0,0,1,0,0
5343,122,1074,-21740,46264,15,0,00:00:00,0.0,0.0,0.0,0,0,0,0,1,0,0
5343,123,1075,-21740,46264,15,0,00:00:00,0.0,0.0,0.0,0,0,0,0,1,0,0
5343,123,1076,-21740,46264,15,0,00:00:00,0.0,0.0,0.0,0,0,0,0,1,0,0
5343,123,1077,-21740,46264,15,0,00:00:00,0.0,0.0,0.0,0,0,0,0,1,0,0
5343,123,1078,-21740,46264,15,0,00:00:00,0.0,0.0,0.0,0,0,0,0,1,0,0
5343,123,1079,-21740,46264,15,0,00:00:00,0.0,0.0,0.0,0,0,0,0,1,0,0
5343,123,1080,-21740,46264,15,0,00:00:00,0.0,0.0,0.0,0,0,0,0,1,0,0
