Team ID,Mission Time,Packet Count,Altitude,Pressure,Temperature,Voltage,GPS Time,GPS Latitude,GPS Longitude,GPS Altitude,GPS Sats,Pitch,Roll,Blade Spin Rate,Flight State,Bonus Direction
5343,314,314,0,0,26.6,5.7,23:59:45,0.0,0.0,0.0,0,10,-19,0,3,21
5343,315,315,0,0,26.6,5.7,23:59:46,0.0,0.0,0.0,0,28,-15,0,3,23
5343,316,316,0,0,26.7,5.7,23:59:47,0.0,0.0,0.0,0,52,4,0,3,23
5343,317,317,0,0,26.7,5.7,23:59:48,0.0,0.0,0.0,0,49,0,0,3,22
5343,318,318,0,0,26.8,5.7,23:59:48,0.0,0.0,0.0,0,6,3,0,3,17
5343,319,319,0,0,26.9,5.7,23:59:50,0.0,0.0,0.0,0,11,-5,0,3,-179
5343,320,320,0,0,27.0,5.7,23:59:50,0.0,0.0,0.0,0,49,-21,0,3,172
5343,321,321,0,0,27.0,5.7,23:59:51,0.0,0.0,0.0,0,51,-24,0,3,158
5343,322,322,0,0,27.2,5.7,23:59:52,0.0,0.0,0.0,0,50,-26,0,3,155
5343,323,323,0,0,27.3,5.7,23:59:53,0.0,0.0,0.0,0,53,-32,0,3,154
5343,324,324,0,0,27.4,5.7,23:59:54,0.0,0.0,0.0,0,53,-45,0,3,151
5343,325,325,0,0,27.2,5.7,23:59:45,0.0,0.0,0.0,0,-17,0,0,3,1
5343,326,326,0,0,27.1,5.7,23:59:46,0.0,0.0,0.0,0,-20,0,0,3,0
5343,327,327,0,0,27.2,5.7,23:59:47,0.0,0.0,0.0,0,-19,0,0,3,0
5343,328,328,0,0,27.2,5.7,23:59:48,0.0,0.0,0.0,0,-20,0,0,3,0
5343,329,329,0,0,27.3,5.7,23:59:48,0.0,0.0,0.0,0,-20,0,0,3,0
5343,330,330,0,0,27.4,5.7,23:59:50,0.0,0.0,0.0,0,-17,0,0,3,0
5343,331,331,0,0,27.4,5.7,23:59:50,0.0,0.0,0.0,0,-3,7,0,3,-3
5343,332,332,0,0,27.6,5.7,23:59:51,0.0,0.0,0.0,0,-18,0,0,3,-4
5343,333,333,0,0,27.7,5.7,23:59:52,0.0,0.0,0.0,0,-19,13,0,3,-18
5343,334,334,0,0,27.7,5.6,23:59:53,0.0,0.0,0.0,0,4,12,0,3,-70
5343,335,335,0,0,27.8,5.6,23:59:54,0.0,0.0,0.0,0,0,29,0,3,-68
5343,336,336,0,0,27.9,5.6,23:59:55,0.0,0.0,0.0,0,-3,40,0,3,-68
5343,337,337,0,0,28.0,5.6,23:59:56,0.0,0.0,0.0,0,-4,45,0,3,-69
5343,338,338,0,0,28.1,5.6,23:59:57,0.0,0.0,0.0,0,-3,29,0,3,147
5343,339,339,0,0,28.2,5.6,23:59:58,0.0,0.0,0.0,0,-3,29,0,3,146
5343,340,340,0,0,28.3,5.6,23:59:59,0.0,0.0,0.0,0,-4,27,0,3,146
5343,341,341,0,0,28.4,5.6,00:00:00,0.0,0.0,0.0,0,-8,31,0,3,145
5343,342,342,0,0,28.5,5.6,00:00:01,0.0,0.0,0.0,0,-11,28,0,3,144
5343,343,343,0,0,28.6,5.6,00:00:02,0.0,0.0,0.0,0,-4,24,0,3,147
5343,344,344,0,0,28.7,5.6,00:00:03,0.0,0.0,0.0,0,-5,25,0,3,147
5343,345,345,0,0,28.8,5.6,00:00:04,0.0,0.0,0.0,0,-4,24,0,3,147
5343,346,346,0,0,28.9,5.6,00:00:05,0.0,0.0,0.0,0,-4,25,0,3,148
5343,347,347,0,0,28.9,5.6,00:00:06,0.0,0.0,0.0,0,-4,24,0,3,148
5343,348,348,0,0,29.0,5.6,00:00:07,0.0,0.0,0.0,0,-4,25,0,3,147
5343,349,349,0,0,29.1,5.6,00:00:08,0.0,0.0,0.0,0,-5,24,0,3,154
5343,350,350,0,0,29.2,5.6,00:00:09,0.0,0.0,0.0,0,-5,24,0,3,153
5343,351,351,0,0,29.2,5.6,00:00:10,0.0,0.0,0.0,0,-5,24,0,3,152
5343,352,352,0,0,29.3,5.6,00:00:11,0.0,0.0,0.0,0,-4,23,0,3,152
5343,353,353,0,0,29.4,5.6,00:00:12,0.0,0.0,0.0,0,-5,24,0,3,151
5343,354,354,0,0,29.5,5.6,00:00:13,0.0,0.0,0.0,0,-5,24,0,3,151
5343,355,355,0,0,29.5,5.6,00:00:14,0.0,0.0,0.0,0,-5,25,0,3,149
5343,356,356,0,0,29.6,5.6,00:00:15,0.0,0.0,0.0,0,0,29,0,3,148
5343,357,357,0,0,29.6,5.6,00:00:16,0.0,0.0,0.0,0,-10,25,0,3,145
5343,358,358,0,0,29.7,5.6,00:00:17,0.0,0.0,0.0,0,-15,27,0,3,147
5343,359,359,0,0,29.8,5.6,00:00:18,0.0,0.0,0.0,0,-20,-16,0,3,164
5343,360,360,0,0,29.9,5.6,00:00:19,0.0,0.0,0.0,0,8,-32,0,3,172
5343,361,361,0,0,29.9,5.6,00:00:20,0.0,0.0,0.0,0,-10,-27,0,3,173
5343,362,362,0,0,30.0,5.6,00:00:21,0.0,0.0,0.0,0,28,-16,0,3,150
5343,363,363,0,0,30.1,5.6,00:00:22,0.0,0.0,0.0,0,66,-17,0,3,126
5343,364,364,0,0,30.1,5.6,00:00:23,0.0,0.0,0.0,0,62,-24,0,3,130
5343,365,365,0,0,30.2,5.6,00:00:24,0.0,0.0,0.0,0,-40,-4,0,3,135
5343,366,366,0,0,30.2,5.6,00:00:25,0.0,0.0,0.0,0,-26,18,0,3,132
5343,367,367,0,0,30.3,5.6,00:00:26,0.0,0.0,0.0,0,-36,53,0,3,134
5343,368,368,0,0,30.4,5.6,00:00:27,0.0,0.0,0.0,0,-43,66,0,3,131
5343,369,369,0,0,30.4,5.6,00:00:28,0.0,0.0,0.0,0,-51,82,0,3,116
5343,370,370,0,0,30.4,5.6,00:00:29,0.0,0.0,0.0,0,-55,76,0,3,120
5343,371,371,0,0,30.5,5.6,00:00:30,0.0,0.0,0.0,0,-52,72,0,3,120
5343,372,372,0,0,30.6,5.6,00:00:31,0.0,0.0,0.0,0,-39,79,0,3,110
5343,373,373,0,0,30.6,5.6,00:00:32,0.0,0.0,0.0,0,-36,79,0,3,109
5343,374,374,0,0,30.6,5.6,00:00:32,0.0,0.0,0.0,0,-32,61,0,3,158
5343,375,375,0,0,30.7,5.6,00:00:34,0.0,0.0,0.0,0,-25,62,0,3,161
5343,376,376,0,0,30.8,5.6,00:00:34,0.0,0.0,0.0,0,-27,65,0,3,164
5343,377,377,0,0,30.8,5.6,00:00:35,0.0,0.0,0.0,0,-34,82,0,3,172
5343,378,378,0,0,30.9,5.6,00:00:36,0.0,0.0,0.0,0,-49,92,0,3,177
5343,379,379,0,0,30.9,5.6,00:00:37,0.0,0.0,0.0,0,-26,110,0,3,169
5343,380,380,0,0,30.9,4.5,00:00:38,0.0,0.0,0.0,0,-26,102,0,3,171
5343,381,381,0,0,30.9,4.5,00:00:39,0.0,0.0,0.0,0,-18,63,0,3,170
5343,382,382,0,0,31.0,4.7,00:00:40,0.0,0.0,0.0,0,-65,120,0,3,177
5343,383,383,0,0,31.1,5.3,00:00:41,0.0,0.0,0.0,0,-63,118,0,3,178
5343,384,384,0,0,31.1,5.4,00:00:42,0.0,0.0,0.0,0,-72,113,0,3,-177
5343,385,385,0,0,31.2,5.4,00:00:43,0.0,0.0,0.0,0,-68,115,0,3,178
5343,386,386,0,0,31.2,5.5,00:00:44,0.0,0.0,0.0,0,-83,89,0,3,82
5343,387,387,0,0,31.2,5.5,00:00:45,0.0,0.0,0.0,0,-89,58,0,3,32
5343,388,388,0,0,31.2,5.5,00:00:46,0.0,0.0,0.0,0,82,56,0,3,13
5343,389,389,0,0,31.3,5.5,00:00:47,0.0,0.0,0.0,0,80,61,0,3,15
5343,390,390,0,0,31.2,5.5,00:00:48,0.0,0.0,0.0,0,81,74,0,3,48
5343,391,391,0,0,31.3,5.5,00:00:49,0.0,0.0,0.0,0,-88,74,0,3,27
5343,392,392,0,0,31.3,5.5,00:00:50,0.0,0.0,0.0,0,-85,69,0,3,20
5343,393,393,0,0,31.4,5.5,00:00:51,0.0,0.0,0.0,0,-83,68,0,3,14
5343,394,394,0,0,31.4,5.5,00:00:52,0.0,0.0,0.0,0,-79,57,0,3,-13
5343,395,395,0,0,31.4,5.5,00:00:53,0.0,0.0,0.0,0,-75,65,0,3,-6
5343,396,396,0,0,31.5,5.5,00:00:54,0.0,0.0,0.0,0,-73,68,0,3,5
5343,397,397,0,0,31.5,5.5,00:00:55,0.0,0.0,0.0,0,-71,73,0,3,8
5343,398,398,0,0,31.6,5.5,00:00:56,0.0,0.0,0.0,0,-74,64,0,3,-8
5343,399,399,0,0,31.6,5.5,00:00:57,0.0,0.0,0.0,0,-75,64,0,3,-9
5343,400,400,0,0,31.6,4.5,00:00:58,0.0,0.0,0.0,0,-77,68,0,3,6
5343,401,401,0,0,31.7,4.7,00:00:59,0.0,0.0,0.0,0,-85,70,0,3,24
5343,402,402,0,0,31.6,4.7,00:01:00,0.0,0.0,0.0,0,-84,73,0,3,29
5343,403,403,0,0,31.7,4.5,00:01:01,0.0,0.0,0.0,0,-83,69,0,3,35
5343,404,404,0,0,31.7,4.6,00:01:02,0.0,0.0,0.0,0,-77,68,0,3,18
5343,405,405,0,0,31.7,4.6,00:01:03,0.0,0.0,0.0,0,-77,69,0,3,19
5343,406,406,0,0,31.8,4.6,00:01:04,0.0,0.0,0.0,0,-76,69,0,3,17
5343,407,407,0,0,31.8,5.4,00:01:05,0.0,0.0,0.0,0,-77,72,0,3,19
5343,408,408,0,0,31.8,5.4,00:01:06,0.0,0.0,0.0,0,-61,93,0,3,50
5343,409,409,0,0,31.8,5.4,00:01:07,0.0,0.0,0.0,0,-82,97,0,3,73
5343,410,410,0,0,31.8,5.4,00:01:08,0.0,0.0,0.0,0,87,103,0,3,89
5343,411,411,0,0,31.9,5.4,00:01:09,0.0,0.0,0.0,0,79,102,0,3,90
5343,412,412,0,0,31.9,5.4,00:01:10,0.0,0.0,0.0,0,86,82,0,3,76
5343,413,413,0,0,31.9,4.5,00:01:11,0.0,0.0,0.0,0,-85,77,0,3,64
5343,414,414,0,0,31.9,4.5,00:01:12,0.0,0.0,0.0,0,-73,71,0,3,28
5343,415,415,0,0,31.9,5.4,00:01:13,0.0,0.0,0.0,0,-77,74,0,3,43
5343,416,416,0,0,32.0,5.4,00:01:14,0.0,0.0,0.0,0,-77,74,0,3,40
5343,417,417,0,0,32.0,5.4,00:01:15,0.0,0.0,0.0,0,-66,69,0,3,9
5343,418,418,0,0,32.1,5.4,00:01:16,0.0,0.0,0.0,0,-65,85,0,3,40
5343,419,419,0,0,32.0,5.4,00:01:16,0.0,0.0,0.0,0,-74,87,0,3,59
5343,420,420,0,0,32.1,5.4,00:01:18,0.0,0.0,0.0,0,-82,87,0,3,61
5343,421,421,0,0,32.1,5.4,00:01:18,0.0,0.0,0.0,0,-80,71,0,3,41
5343,422,422,0,0,32.1,5.4,00:01:19,0.0,0.0,0.0,0,-83,66,0,3,31
5343,423,423,0,0,32.2,5.4,00:01:21,0.0,0.0,0.0,0,-81,72,0,3,27
5343,424,424,0,0,32.2,5.4,00:01:21,0.0,0.0,0.0,0,-84,69,0,3,26
5343,425,425,0,0,32.2,5.4,00:01:22,0.0,0.0,0.0,0,-85,70,0,3,29
5343,426,426,0,0,32.3,5.5,00:01:23,0.0,0.0,0.0,0,-85,70,0,3,28
5343,427,427,0,0,32.3,5.4,00:01:24,0.0,0.0,0.0,0,-80,62,0,3,20
5343,428,428,0,0,32.3,5.4,00:01:25,0.0,0.0,0.0,0,-85,71,0,3,29
5343,429,429,0,0,32.4,5.5,00:01:26,0.0,0.0,0.0,0,-88,76,0,3,43
5343,430,430,0,0,32.3,5.4,00:01:27,0.0,0.0,0.0,0,-79,62,0,3,36
5343,431,431,0,0,32.4,5.5,00:01:28,0.0,0.0,0.0,0,-85,54,0,3,17
5343,432,432,0,0,32.4,5.4,00:01:29,0.0,0.0,0.0,0,-86,52,0,3,7
5343,433,433,0,0,32.5,5.5,00:01:30,0.0,0.0,0.0,0,-86,51,0,3,30
5343,434,434,0,0,32.5,5.5,00:01:31,0.0,0.0,0.0,0,-86,57,0,3,27
5343,435,435,0,0,32.5,5.5,00:01:32,0.0,0.0,0.0,0,-78,43,0,3,18
5343,436,436,0,0,32.5,5.5,00:01:33,0.0,0.0,0.0,0,-79,38,0,3,-15
5343,437,437,0,0,32.6,5.4,00:01:34,0.0,0.0,0.0,0,-79,46,0,3,-8
5343,438,438,0,0,32.6,5.5,00:01:35,0.0,0.0,0.0,0,-89,59,0,3,33
5343,439,439,0,0,32.6,5.5,00:01:36,0.0,0.0,0.0,0,89,55,0,3,23
5343,440,440,0,0,32.7,5.4,00:01:37,0.0,0.0,0.0,0,-89,55,0,3,23
5343,441,441,0,0,32.7,5.5,00:01:38,0.0,0.0,0.0,0,-89,60,0,3,28
5343,442,442,0,0,32.7,5.5,00:01:39,0.0,0.0,0.0,0,89,56,0,3,29
5343,443,443,0,0,32.7,5.5,00:01:40,0.0,0.0,0.0,0,89,52,0,3,42
5343,444,444,0,0,32.7,5.5,00:01:41,0.0,0.0,0.0,0,-89,57,0,3,45
5343,445,445,0,0,32.8,5.5,00:01:42,0.0,0.0,0.0,0,88,62,0,3,117
5343,446,446,0,0,32.8,5.5,00:01:43,0.0,0.0,0.0,0,87,56,0,3,-174
5343,447,447,0,0,32.9,5.5,00:01:44,0.0,0.0,0.0,0,86,66,0,3,-163
5343,448,448,0,0,32.8,5.5,00:01:45,0.0,0.0,0.0,0,80,68,0,3,-173
5343,449,449,0,0,32.9,5.5,00:01:46,0.0,0.0,0.0,0,77,69,0,3,-168
5343,450,450,0,0,32.9,5.5,00:01:47,0.0,0.0,0.0,0,78,69,0,3,-162
5343,451,451,0,0,32.9,5.5,00:01:48,0.0,0.0,0.0,0,80,69,0,3,-158
5343,452,452,0,0,32.9,5.5,00:01:49,0.0,0.0,0.0,0,80,69,0,3,-156
5343,453,453,0,0,33.0,5.5,00:01:50,0.0,0.0,0.0,0,79,69,0,3,-155
5343,454,454,0,0,33.0,5.4,00:01:51,0.0,0.0,0.0,0,79,69,0,3,-154
5343,455,455,0,0,33.0,5.5,00:01:52,0.0,0.0,0.0,0,79,69,0,3,-154
5343,456,456,0,0,33.0,5.5,00:01:53,0.0,0.0,0.0,0,76,69,0,3,-152
5343,457,457,0,0,33.0,5.5,00:01:54,0.0,0.0,0.0,0,76,69,0,3,-152
5343,458,458,0,0,33.0,5.5,00:01:55,0.0,0.0,0.0,0,76,69,0,3,-152
5343,459,459,0,0,33.1,5.5,00:01:56,0.0,0.0,0.0,0,77,69,0,3,-153
5343,460,460,0,0,33.1,5.5,00:01:57,0.0,0.0,0.0,0,76,70,0,3,-155
5343,461,461,0,0,33.1,5.5,00:01:58,0.0,0.0,0.0,0,57,98,0,3,-175
5343,462,462,0,0,33.2,5.5,00:01:59,0.0,0.0,0.0,0,51,94,0,3,155
5343,463,463,0,0,33.2,5.5,00:02:00,0.0,0.0,0.0,0,53,87,0,3,154
5343,464,464,0,0,33.2,5.5,00:02:01,0.0,0.0,0.0,0,68,117,0,3,153
5343,465,465,0,0,33.2,5.5,00:02:02,0.0,0.0,0.0,0,-47,131,0,3,164
5343,466,466,0,0,33.3,5.4,00:02:03,0.0,0.0,0.0,0,-35,113,0,3,150
5343,467,467,0,0,33.3,5.5,00:02:03,0.0,0.0,0.0,0,-57,110,0,3,143
5343,468,468,0,0,33.2,5.5,00:02:05,0.0,0.0,0.0,0,66,74,0,3,103
5343,469,469,0,0,33.3,5.4,00:02:05,0.0,0.0,0.0,0,80,58,0,3,23
5343,470,470,0,0,33.3,5.5,00:02:07,0.0,0.0,0.0,0,-81,49,0,3,11
5343,471,471,0,0,33.4,5.4,00:02:07,0.0,0.0,0.0,0,-80,39,0,3,-10
5343,472,472,0,0,33.4,5.4,00:02:08,0.0,0.0,0.0,0,46,62,0,3,87
5343,473,473,0,0,33.4,5.4,00:02:09,0.0,0.0,0.0,0,31,90,0,3,125
5343,474,474,0,0,33.4,5.5,00:02:10,0.0,0.0,0.0,0,52,65,0,3,-159
5343,475,475,0,0,33.5,5.4,00:02:11,0.0,0.0,0.0,0,52,71,0,3,-153
5343,476,476,0,0,33.5,5.5,00:02:12,0.0,0.0,0.0,0,47,74,0,3,-151
5343,477,477,0,0,33.5,5.5,00:02:13,0.0,0.0,0.0,0,22,73,0,3,174
5343,478,478,0,0,33.5,5.4,00:02:14,0.0,0.0,0.0,0,16,15,0,3,168
5343,479,479,0,0,33.5,5.4,00:02:15,0.0,0.0,0.0,0,36,9,0,3,-148
5343,480,480,0,0,33.5,5.4,00:02:16,0.0,0.0,0.0,0,45,1,0,3,-94
5343,481,481,0,0,33.5,5.4,00:02:17,0.0,0.0,0.0,0,49,-2,0,3,-78
5343,482,482,0,0,33.6,5.4,00:02:18,0.0,0.0,0.0,0,50,-3,0,3,-95
5343,483,483,0,0,33.6,5.4,00:02:19,0.0,0.0,0.0,0,52,1,0,3,-95
5343,484,484,0,0,33.6,5.4,00:02:20,0.0,0.0,0.0,0,46,3,0,3,-112
5343,485,485,0,0,33.6,5.4,00:02:21,0.0,0.0,0.0,0,46,0,0,3,-74
5343,486,486,0,0,33.7,5.4,00:02:22,0.0,0.0,0.0,0,40,3,0,3,-29
5343,487,487,0,0,33.7,5.4,00:02:23,0.0,0.0,0.0,0,42,2,0,3,-54
5343,488,488,0,0,33.8,5.4,00:02:24,0.0,0.0,0.0,0,45,-1,0,3,-75
5343,489,489,0,0,33.7,5.4,00:02:25,0.0,0.0,0.0,0,55,0,0,3,-96
5343,490,490,0,0,33.7,5.4,00:02:26,0.0,0.0,0.0,0,65,-1,0,3,-101
5343,491,491,0,0,33.8,5.4,00:02:27,0.0,0.0,0.0,0,37,-6,0,3,-167
5343,492,492,0,0,33.8,5.5,00:02:28,0.0,0.0,0.0,0,29,-4,0,3,162
5343,493,493,0,0,33.8,5.5,00:02:29,0.0,0.0,0.0,0,50,-4,0,3,-166
5343,494,494,0,0,33.8,5.5,00:02:30,0.0,0.0,0.0,0,42,39,0,3,172
5343,495,495,0,0,33.8,5.4,00:02:31,0.0,0.0,0.0,0,-88,52,0,3,168
5343,496,496,0,0,33.9,5.4,00:02:32,0.0,0.0,0.0,0,90,54,0,3,-178
5343,497,497,0,0,33.9,5.4,00:02:33,0.0,0.0,0.0,0,90,54,0,3,-170
5343,498,498,0,0,33.9,5.4,00:02:34,0.0,0.0,0.0,0,90,54,0,3,-157
5343,499,499,0,0,33.9,5.4,00:02:35,0.0,0.0,0.0,0,90,54,0,3,-153
5343,500,500,0,0,33.9,5.4,00:02:36,0.0,0.0,0.0,0,90,54,0,3,-154
5343,501,501,0,0,33.9,5.4,00:02:37,0.0,0.0,0.0,0,90,54,0,3,-154
5343,502,502,0,0,33.9,5.4,00:02:38,0.0,0.0,0.0,0,90,54,0,3,-155
5343,503,503,0,0,33.9,5.4,00:02:39,0.0,0.0,0.0,0,90,54,0,3,-155
5343,504,504,0,0,33.9,5.4,00:02:40,0.0,0.0,0.0,0,90,54,0,3,-155
5343,505,505,0,0,34.0,5.4,00:02:41,0.0,0.0,0.0,0,90,54,0,3,-155
5343,506,506,0,0,34.0,5.4,00:02:42,0.0,0.0,0.0,0,90,54,0,3,-155
5343,507,507,0,0,34.0,5.4,00:02:43,0.0,0.0,0.0,0,90,54,0,3,-155
5343,508,508,0,0,34.0,5.4,00:02:44,0.0,0.0,0.0,0,90,54,0,3,-156
5343,509,509,0,0,34.0,5.4,00:02:45,0.0,0.0,0.0,0,90,54,0,3,-156
5343,510,510,0,0,34.0,5.4,00:02:46,0.0,0.0,0.0,0,87,54,0,3,-140
5343,511,511,0,0,34.1,5.4,00:02:47,0.0,0.0,0.0,0,85,71,0,3,-112
5343,512,512,0,0,34.1,5.4,00:02:48,0.0,0.0,0.0,0,19,49,0,3,-70
5343,513,513,0,0,34.1,5.4,00:02:48,0.0,0.0,0.0,0,52,16,0,3,175
5343,514,514,0,0,34.1,5.4,00:02:50,0.0,0.0,0.0,0,14,7,0,3,118
5343,515,515,0,0,34.2,5.4,00:02:51,0.0,0.0,0.0,0,5,-2,0,3,112
5343,516,516,0,0,34.2,5.4,00:02:51,0.0,0.0,0.0,0,4,-9,0,3,113
5343,517,517,0,0,34.2,5.5,00:02:53,0.0,0.0,0.0,0,3,-32,0,3,121
5343,518,518,0,0,34.2,5.4,00:02:53,0.0,0.0,0.0,0,11,-31,0,3,123
5343,519,519,0,0,34.2,5.4,00:02:54,0.0,0.0,0.0,0,12,-31,0,3,127
5343,520,520,0,0,34.2,5.5,00:02:55,0.0,0.0,0.0,0,12,-31,0,3,130
5343,521,521,0,0,34.3,5.5,00:02:56,0.0,0.0,0.0,0,12,-30,0,3,131
5343,522,522,0,0,34.3,5.4,00:02:57,0.0,0.0,0.0,0,12,-30,0,3,131
5343,523,523,0,0,34.3,5.4,00:02:58,0.0,0.0,0.0,0,12,-30,0,3,131
5343,524,524,0,0,34.3,5.4,00:02:59,0.0,0.0,0.0,0,12,-30,0,3,131
5343,525,525,0,0,34.3,5.5,00:03:00,0.0,0.0,0.0,0,12,-30,0,3,131
5343,526,526,0,0,34.3,5.4,00:03:01,0.0,0.0,0.0,0,12,-30,0,3,131
5343,527,527,0,0,34.4,5.5,00:03:02,0.0,0.0,0.0,0,12,-30,0,3,131
5343,528,528,0,0,34.4,5.4,00:03:03,0.0,0.0,0.0,0,13,-30,0,3,130
5343,529,529,0,0,34.4,5.5,00:03:04,0.0,0.0,0.0,0,13,-30,0,3,126
5343,530,530,0,0,34.4,5.4,00:03:05,0.0,0.0,0.0,0,13,-30,0,3,126
5343,531,531,0,0,34.4,5.4,00:03:06,0.0,0.0,0.0,0,13,-30,0,3,126
5343,532,532,0,0,34.5,5.4,00:03:07,0.0,0.0,0.0,0,13,-30,0,3,126
5343,533,533,0,0,34.5,5.4,00:03:08,0.0,0.0,0.0,0,13,-30,0,3,126
5343,534,534,0,0,34.5,5.5,00:03:09,0.0,0.0,0.0,0,13,-30,0,3,125
5343,535,535,0,0,34.5,5.4,00:03:10,0.0,0.0,0.0,0,12,-30,0,3,125
5343,536,536,0,0,34.5,5.4,00:03:11,0.0,0.0,0.0,0,13,-30,0,3,131
5343,537,537,0,0,34.5,5.4,00:03:12,0.0,0.0,0.0,0,12,-30,0,3,131
5343,538,538,0,0,34.6,5.4,00:03:13,0.0,0.0,0.0,0,13,-30,0,3,132
5343,539,539,0,0,34.6,5.4,00:03:14,0.0,0.0,0.0,0,13,-30,0,3,133
5343,540,540,0,0,34.6,5.4,00:03:15,0.0,0.0,0.0,0,13,-30,0,3,133
5343,541,541,0,0,34.6,5.4,00:03:16,0.0,0.0,0.0,0,13,-30,0,3,133
5343,542,542,0,0,34.6,5.4,00:03:17,0.0,0.0,0.0,0,13,-30,0,3,133
5343,543,543,0,0,34.7,5.4,00:03:18,0.0,0.0,0.0,0,13,-30,0,3,133
5343,544,544,0,0,34.7,5.4,00:03:19,0.0,0.0,0.0,0,13,-30,0,3,133
5343,545,545,0,0,34.8,5.4,00:03:20,0.0,0.0,0.0,0,13,-30,0,3,133
5343,546,546,0,0,34.8,5.4,00:03:21,0.0,0.0,0.0,0,13,-30,0,3,133
5343,547,547,0,0,34.8,5.5,00:03:22,0.0,0.0,0.0,0,13,-30,0,3,133
5343,548,548,0,0,34.7,5.4,00:03:23,0.0,0.0,0.0,0,13,-30,0,3,133
5343,549,549,0,0,34.8,5.4,00:03:24,0.0,0.0,0.0,0,13,-30,0,3,133
5343,550,550,0,0,34.8,5.4,00:03:25,0.0,0.0,0.0,0,13,-30,0,3,133
5343,551,551,0,0,34.8,5.4,00:03:26,0.0,0.0,0.0,0,13,-30,0,3,133
5343,1,1,0,0,34.9,5.4,00:03:33,0.0,0.0,0.0,0,0,0,0,0,0
5343,2,2,0,0,34.9,5.4,00:03:34,0.0,0.0,0.0,0,0,0,0,0,0
5343,3,3,0,0,34.9,5.4,00:03:35,0.0,0.0,0.0,0,0,0,0,0,0
5343,4,4,0,0,34.9,5.4,00:03:36,0.0,0.0,0.0,0,0,0,0,0,0
5343,5,5,0,0,34.9,5.4,00:03:37,0.0,0.0,0.0,0,0,0,0,0,0
5343,6,6,0,0,35.0,5.4,00:03:38,0.0,0.0,0.0,0,0,0,0,0,0
5343,7,7,0,0,34.9,5.4,00:03:38,0.0,0.0,0.0,0,0,0,0,0,0
5343,8,8,0,0,34.9,5.4,00:03:40,0.0,0.0,0.0,0,0,0,0,0,0
5343,9,9,0,0,35.0,5.4,00:03:41,0.0,0.0,0.0,0,0,0,0,0,0
5343,10,10,0,0,35.0,5.4,00:03:41,0.0,0.0,0.0,0,0,0,0,0,0
5343,11,11,0,0,35.0,5.4,00:03:43,0.0,0.0,0.0,0,0,0,0,0,0
5343,12,12,0,0,35.0,5.4,00:03:43,0.0,0.0,0.0,0,0,0,0,0,0
5343,13,13,0,0,35.0,5.4,00:03:44,0.0,0.0,0.0,0,0,0,0,0,0
5343,14,14,0,0,35.0,5.4,00:03:45,0.0,0.0,0.0,0,0,0,0,0,0
5343,15,15,0,0,35.1,5.4,00:03:46,0.0,0.0,0.0,0,0,0,0,0,0
5343,16,16,0,0,35.1,5.4,00:03:47,0.0,0.0,0.0,0,0,0,0,0,0
5343,17,17,0,0,35.1,5.4,00:03:48,0.0,0.0,0.0,0,0,0,0,0,0
5343,18,18,0,0,35.1,5.4,00:03:49,0.0,0.0,0.0,0,0,0,0,0,0
5343,19,19,0,0,35.1,5.4,00:03:50,0.0,0.0,0.0,0,0,0,0,0,0
5343,20,20,0,0,35.2,5.4,00:03:51,0.0,0.0,0.0,0,0,0,0,0,0
5343,21,21,0,0,35.2,5.4,00:03:52,0.0,0.0,0.0,0,0,0,0,0,0
5343,22,22,0,0,35.2,5.4,00:03:53,0.0,0.0,0.0,0,0,0,0,0,0
5343,23,23,0,0,35.2,5.4,00:03:54,0.0,0.0,0.0,0,0,0,0,0,0
5343,24,24,0,0,35.2,5.4,00:03:55,0.0,0.0,0.0,0,0,0,0,0,0
5343,25,25,0,0,35.3,5.4,00:03:56,0.0,0.0,0.0,0,0,0,0,0,0
5343,26,26,0,0,35.2,5.4,00:03:57,0.0,0.0,0.0,0,0,0,0,0,0
5343,27,27,0,0,35.2,5.4,00:03:58,0.0,0.0,0.0,0,0,0,0,0,0
5343,28,28,0,0,35.3,5.4,00:03:59,0.0,0.0,0.0,0,0,0,0,0,0
5343,29,29,0,0,35.3,5.4,00:04:00,0.0,0.0,0.0,0,0,0,0,0,0
5343,30,30,0,0,35.4,5.4,00:04:01,0.0,0.0,0.0,0,0,0,0,0,0
5343,31,31,0,0,35.3,5.4,00:04:02,0.0,0.0,0.0,0,0,0,0,0,0
5343,32,32,0,0,35.4,5.4,00:04:03,0.0,0.0,0.0,0,0,0,0,0,0
5343,33,33,0,0,35.4,5.4,00:04:04,0.0,0.0,0.0,0,0,0,0,0,0
5343,34,34,0,0,35.4,5.4,00:04:05,0.0,0.0,0.0,0,0,0,0,0,0
5343,35,35,0,0,35.4,5.4,00:04:06,0.0,0.0,0.0,0,0,0,0,0,0
5343,36,36,0,0,35.5,5.4,00:04:07,0.0,0.0,0.0,0,0,0,0,0,-1
5343,37,37,0,0,35.5,5.4,00:04:08,0.0,0.0,0.0,0,0,0,0,0,-3
5343,38,38,0,0,35.4,5.4,00:04:09,0.0,0.0,0.0,0,0,0,0,0,-2
5343,39,39,0,0,35.5,5.4,00:04:10,0.0,0.0,0.0,0,0,0,0,0,-2
5343,40,40,0,0,35.5,5.4,00:04:11,0.0,0.0,0.0,0,0,0,0,0,-2
5343,41,41,0,0,35.5,5.4,00:04:12,0.0,0.0,0.0,0,0,0,0,0,-2
5343,42,42,0,0,35.6,5.4,00:04:13,0.0,0.0,0.0,0,0,0,0,0,-2
5343,1,1,0,0,35.6,5.4,00:04:17,0.0,0.0,0.0,0,0,0,0,0,0
5343,2,2,0,0,35.6,5.4,00:04:18,0.0,0.0,0.0,0,0,0,0,0,0
5343,3,3,0,0,35.6,5.4,00:04:19,0.0,0.0,0.0,0,0,0,0,0,0
5343,4,4,0,0,35.7,5.4,00:04:20,0.0,0.0,0.0,0,0,0,0,0,0
5343,5,5,0,0,35.7,5.4,00:04:21,0.0,0.0,0.0,0,0,0,0,0,0
5343,6,6,0,0,35.7,5.4,00:04:22,0.0,0.0,0.0,0,0,0,0,0,0
5343,7,7,0,0,35.8,5.4,00:04:23,0.0,0.0,0.0,0,0,0,0,0,0
5343,8,8,0,0,35.8,5.4,00:04:24,0.0,0.0,0.0,0,0,0,0,0,0
5343,9,9,0,0,35.8,5.4,00:04:25,0.0,0.0,0.0,0,0,0,0,0,0
5343,10,10,0,0,35.8,5.4,00:04:26,0.0,0.0,0.0,0,0,0,0,0,0
5343,11,11,0,0,35.8,5.4,00:04:27,0.0,0.0,0.0,0,0,0,0,0,0
5343,12,12,0,0,35.8,5.4,00:04:28,0.0,0.0,0.0,0,0,0,0,0,0
5343,13,13,0,0,35.8,5.4,00:04:29,0.0,0.0,0.0,0,0,0,0,0,0
5343,14,14,0,0,35.9,5.4,00:04:30,0.0,0.0,0.0,0,0,0,0,0,0
5343,15,15,0,0,35.9,5.4,00:04:31,0.0,0.0,0.0,0,0,0,0,0,0
5343,16,16,0,0,35.9,5.4,00:04:32,0.0,0.0,0.0,0,0,0,0,0,0
5343,17,17,0,0,35.9,5.4,00:04:33,0.0,0.0,0.0,0,0,0,0,0,0
5343,18,18,0,0,35.9,5.4,00:04:34,0.0,0.0,0.0,0,0,0,0,0,0
5343,19,19,0,0,36.0,5.4,00:04:35,0.0,0.0,0.0,0,0,0,0,0,0
5343,20,20,0,0,36.0,5.4,00:04:36,0.0,0.0,0.0,0,0,0,0,0,-2
5343,21,21,0,0,36.0,5.4,00:04:37,0.0,0.0,0.0,0,0,0,0,0,-3
5343,22,22,0,0,36.0,5.4,00:04:38,0.0,0.0,0.0,0,0,0,0,0,-3
5343,23,23,0,0,36.1,5.4,00:04:39,0.0,0.0,0.0,0,0,0,0,0,-3
5343,24,24,0,0,36.1,5.4,00:04:40,0.0,0.0,0.0,0,0,0,0,0,-4
5343,25,25,0,0,36.1,5.4,00:04:41,0.0,0.0,0.0,0,0,0,0,0,-4
5343,26,26,0,0,36.1,5.4,00:04:42,0.0,0.0,0.0,0,0,0,0,0,-4
5343,27,27,0,0,36.1,5.4,00:04:43,0.0,0.0,0.0,0,0,0,0,0,-4
5343,28,28,0,0,36.2,5.4,00:04:44,0.0,0.0,0.0,0,0,0,0,0,-4
5343,29,29,0,0,36.2,5.4,00:04:45,0.0,0.0,0.0,0,0,0,0,0,-4
5343,30,30,0,0,36.2,5.4,00:04:46,0.0,0.0,0.0,0,0,0,0,0,-4
5343,31,31,0,0,36.2,5.4,00:04:47,0.0,0.0,0.0,0,0,0,0,0,-4
5343,32,32,0,0,36.3,5.4,00:04:48,0.0,0.0,0.0,0,0,0,0,0,-4
5343,33,33,0,0,36.3,5.4,00:04:49,0.0,0.0,0.0,0,0,0,0,0,-4
5343,34,34,0,0,36.4,5.4,00:04:50,0.0,0.0,0.0,0,0,0,0,0,-4
5343,35,35,0,0,36.4,5.4,00:04:51,0.0,0.0,0.0,0,0,0,0,0,-4
5343,36,36,0,0,36.4,5.4,00:04:52,0.0,0.0,0.0,0,0,0,0,0,-4
5343,37,37,0,0,36.4,5.4,00:04:53,0.0,0.0,0.0,0,0,0,0,0,-4
5343,38,38,0,0,36.4,5.4,00:04:54,0.0,0.0,0.0,0,0,0,0,0,-4
5343,39,39,0,0,36.5,5.4,00:04:55,0.0,0.0,0.0,0,0,0,0,0,-4
5343,40,40,0,0,36.5,5.4,00:04:56,0.0,0.0,0.0,0,0,0,0,0,-4
5343,41,41,0,0,36.5,5.4,00:04:57,0.0,0.0,0.0,0,0,0,0,0,-4
5343,42,42,0,0,36.5,5.4,00:04:58,0.0,0.0,0.0,0,0,0,0,0,-4
5343,43,43,0,0,36.6,5.4,00:04:59,0.0,0.0,0.0,0,0,0,0,0,-4
5343,44,44,0,0,36.7,5.4,00:05:00,0.0,0.0,0.0,0,0,0,0,0,-4
5343,45,45,0,0,36.6,5.4,00:05:00,0.0,0.0,0.0,0,0,0,0,0,-4
5343,46,46,0,0,36.6,5.4,00:05:02,0.0,0.0,0.0,0,0,0,0,0,-4
5343,47,47,0,0,36.7,5.4,00:05:02,0.0,0.0,0.0,0,0,0,0,0,-4
5343,48,48,0,0,36.6,5.4,00:05:03,0.0,0.0,0.0,0,0,0,0,0,-4
5343,49,49,0,0,36.7,5.5,00:05:05,0.0,0.0,0.0,0,0,0,0,0,-4
5343,50,50,0,0,36.8,5.4,00:05:05,0.0,0.0,0.0,0,0,0,0,0,-4
5343,51,51,0,0,36.8,5.4,00:05:06,0.0,0.0,0.0,0,0,0,0,0,-4
5343,52,52,0,0,36.8,5.4,00:05:07,0.0,0.0,0.0,0,0,0,0,0,-4
5343,53,53,0,0,36.9,5.4,00:05:08,0.0,0.0,0.0,0,0,0,0,0,-4
5343,54,54,0,0,36.9,5.4,00:05:09,0.0,0.0,0.0,0,0,0,0,0,-4
5343,55,55,0,0,36.9,5.4,00:05:10,0.0,0.0,0.0,0,0,0,0,0,-4
5343,56,56,0,0,37.0,5.4,00:05:11,0.0,0.0,0.0,0,0,0,0,0,-4
5343,57,57,0,0,37.0,5.4,00:05:12,0.0,0.0,0.0,0,0,0,0,0,-4
5343,58,58,0,0,37.0,5.4,00:05:13,0.0,0.0,0.0,0,0,0,0,0,-4
5343,59,59,0,0,37.1,5.4,00:05:14,0.0,0.0,0.0,0,0,0,0,0,-4
5343,60,60,0,0,37.1,5.4,00:05:15,0.0,0.0,0.0,0,0,0,0,0,-4
5343,61,61,0,0,37.1,5.4,00:05:16,0.0,0.0,0.0,0,0,0,0,0,-4
5343,62,62,0,0,37.1,5.4,00:05:17,0.0,0.0,0.0,0,0,0,0,0,-4
5343,63,63,0,0,37.2,5.4,00:05:18,0.0,0.0,0.0,0,0,0,0,0,-4
5343,64,64,0,0,37.3,5.4,00:05:19,0.0,0.0,0.0,0,0,0,0,0,-4
5343,65,65,0,0,37.3,5.4,00:05:20,0.0,0.0,0.0,0,0,0,0,0,-4
5343,66,66,0,0,37.3,5.4,00:05:21,0.0,0.0,0.0,0,0,0,0,0,-4
5343,67,67,0,0,37.3,5.4,00:05:22,0.0,0.0,0.0,0,0,0,0,0,-4
5343,68,68,0,0,37.3,5.4,00:05:23,0.0,0.0,0.0,0,0,0,0,0,-4
5343,69,69,0,0,37.3,5.4,00:05:24,0.0,0.0,0.0,0,0,0,0,0,-4
5343,70,70,0,0,37.4,5.4,00:05:25,0.0,0.0,0.0,0,0,0,0,0,-4
5343,71,71,0,0,37.5,5.4,00:05:26,0.0,0.0,0.0,0,0,0,0,0,-4
5343,72,72,0,0,37.5,5.4,00:05:27,0.0,0.0,0.0,0,0,0,0,0,-4
5343,73,73,0,0,37.6,5.4,00:05:28,0.0,0.0,0.0,0,0,0,0,0,-4
5343,74,74,0,0,37.6,5.4,00:05:29,0.0,0.0,0.0,0,0,0,0,0,-4
5343,75,75,0,0,37.6,5.4,00:05:30,0.0,0.0,0.0,0,0,0,0,0,-4
5343,76,76,0,0,37.6,5.4,00:05:31,0.0,0.0,0.0,0,0,0,0,0,-4
5343,77,77,0,0,37.7,5.4,00:05:32,0.0,0.0,0.0,0,0,0,0,0,-4
5343,78,78,0,0,37.7,5.4,00:05:33,0.0,0.0,0.0,0,0,0,0,0,-4
5343,79,79,0,0,37.8,5.4,00:05:34,0.0,0.0,0.0,0,0,0,0,0,-4
5343,80,80,0,0,37.8,5.4,00:05:35,0.0,0.0,0.0,0,0,0,0,0,-4
5343,81,81,0,0,37.8,5.4,00:05:36,0.0,0.0,0.0,0,0,0,0,0,-4
5343,82,82,0,0,37.9,5.4,00:05:37,0.0,0.0,0.0,0,0,0,0,0,-4
5343,83,83,0,0,37.8,5.4,00:05:38,0.0,0.0,0.0,0,0,0,0,0,-4
5343,84,84,0,0,38.0,5.4,00:05:39,0.0,0.0,0.0,0,0,0,0,0,-4
5343,85,85,0,0,37.9,5.4,00:05:40,0.0,0.0,0.0,0,0,0,0,0,-4
5343,86,86,0,0,38.0,5.4,00:05:41,0.0,0.0,0.0,0,0,0,0,0,-4
5343,87,87,0,0,38.0,5.4,00:05:42,0.0,0.0,0.0,0,0,0,0,0,-4
5343,88,88,0,0,38.0,5.4,00:05:43,0.0,0.0,0.0,0,0,0,0,0,-4
5343,89,89,0,0,38.1,5.4,00:05:44,0.0,0.0,0.0,0,0,0,0,0,-4
5343,90,90,0,0,38.1,5.4,00:05:45,0.0,0.0,0.0,0,0,0,0,0,-4
5343,91,91,0,0,38.2,5.4,00:05:46,0.0,0.0,0.0,0,0,0,0,0,-4
5343,92,92,0,0,38.2,5.4,00:05:47,0.0,0.0,0.0,0,0,0,0,0,-4
5343,93,93,0,0,38.2,5.4,00:05:48,0.0,0.0,0.0,0,0,0,0,0,-4
5343,94,94,0,0,38.2,5.4,00:05:49,0.0,0.0,0.0,0,0,0,0,0,-4
5343,95,95,0,0,38.3,5.4,00:05:50,0.0,0.0,0.0,0,0,0,0,0,-4
5343,96,96,0,0,38.3,5.4,00:05:50,0.0,0.0,0.0,0,0,0,0,0,-4
5343,97,97,0,0,38.4,5.4,00:05:52,0.0,0.0,0.0,0,0,0,0,0,-4
5343,98,98,0,0,38.4,5.4,00:05:53,0.0,0.0,0.0,0,0,0,0,0,-4
5343,99,99,0,0,38.4,5.4,00:05:53,0.0,0.0,0.0,0,0,0,0,0,-4
5343,100,100,0,0,38.5,5.4,00:05:54,0.0,0.0,0.0,0,0,0,0,0,-4
5343,101,101,0,0,38.5,5.4,00:05:55,0.0,0.0,0.0,0,0,0,0,0,-4
5343,102,102,0,0,38.6,5.4,00:05:56,0.0,0.0,0.0,0,0,0,0,0,-4
5343,103,103,0,0,38.5,5.4,00:05:57,0.0,0.0,0.0,0,0,0,0,0,-4
5343,104,104,0,0,38.6,5.4,00:05:58,0.0,0.0,0.0,0,0,0,0,0,-4
5343,105,105,0,0,38.7,5.4,00:05:59,0.0,0.0,0.0,0,0,0,0,0,-4
5343,106,106,0,0,38.7,5.4,00:06:00,0.0,0.0,0.0,0,0,0,0,0,-4
5343,107,107,0,0,38.7,5.4,00:06:01,0.0,0.0,0.0,0,0,0,0,0,-4
5343,108,108,0,0,38.8,5.4,00:06:02,0.0,0.0,0.0,0,0,0,0,0,-4
5343,109,109,0,0,38.8,5.4,00:06:03,0.0,0.0,0.0,0,0,0,0,0,-4
5343,110,110,0,0,38.8,5.4,00:06:04,0.0,0.0,0.0,0,0,0,0,0,-4
5343,111,111,0,0,38.8,5.4,00:06:05,0.0,0.0,0.0,0,0,0,0,0,-4
5343,112,112,0,0,38.9,5.4,00:06:06,0.0,0.0,0.0,0,0,0,0,0,-4
5343,113,113,0,0,38.9,5.4,00:06:07,0.0,0.0,0.0,0,0,0,0,0,-4
5343,114,114,0,0,39.0,5.4,00:06:08,0.0,0.0,0.0,0,0,0,0,0,-4
5343,115,115,0,0,39.0,5.4,00:06:09,0.0,0.0,0.0,0,0,0,0,0,-4
5343,116,116,0,0,39.1,5.4,00:06:10,0.0,0.0,0.0,0,0,0,0,0,-4
5343,117,117,0,0,39.1,5.4,00:06:11,0.0,0.0,0.0,0,0,0,0,0,-4
5343,118,118,0,0,39.1,5.4,00:06:12,0.0,0.0,0.0,0,0,0,0,0,-4
5343,119,119,0,0,39.1,5.4,00:06:13,0.0,0.0,0.0,0,0,0,0,0,-4
5343,120,120,0,0,39.2,5.4,00:06:14,0.0,0.0,0.0,0,0,0,0,0,-4
5343,121,121,0,0,39.2,5.4,00:06:15,0.0,0.0,0.0,0,0,0,0,0,-4
5343,122,122,0,0,39.2,5.4,00:06:16,0.0,0.0,0.0,0,0,0,0,0,-4
5343,123,123,0,0,39.2,5.4,00:06:17,0.0,0.0,0.0,0,0,0,0,0,-4
5343,124,124,0,0,39.3,5.4,00:06:18,0.0,0.0,0.0,0,0,0,0,0,-4
5343,125,125,0,0,39.3,5.4,00:06:19,0.0,0.0,0.0,0,0,0,0,0,-4
5343,126,126,0,0,39.4,5.4,00:06:20,0.0,0.0,0.0,0,0,0,0,0,-4
5343,127,127,0,0,39.4,5.4,00:06:21,0.0,0.0,0.0,0,0,0,0,0,-4
5343,128,128,0,0,39.5,5.4,00:06:22,0.0,0.0,0.0,0,0,0,0,0,-4
5343,129,129,0,0,39.5,5.4,00:06:23,0.0,0.0,0.0,0,0,0,0,0,-4
5343,130,130,0,0,39.5,5.4,00:06:24,0.0,0.0,0.0,0,0,0,0,0,-4
5343,131,131,0,0,39.6,5.4,00:06:25,0.0,0.0,0.0,0,0,0,0,0,-4
5343,132,132,0,0,39.6,5.4,00:06:26,0.0,0.0,0.0,0,0,0,0,0,-4
5343,133,133,0,0,39.7,5.4,00:06:27,0.0,0.0,0.0,0,0,0,0,0,-4
5343,134,134,0,0,39.7,5.4,00:06:28,0.0,0.0,0.0,0,0,0,0,0,-4
5343,135,135,0,0,39.7,5.4,00:06:29,0.0,0.0,0.0,0,0,0,0,0,-4
5343,136,136,0,0,39.7,5.4,00:06:30,0.0,0.0,0.0,0,0,0,0,0,-4
5343,137,137,0,0,39.8,5.4,00:06:31,0.0,0.0,0.0,0,0,0,0,0,-4
5343,138,138,0,0,39.8,5.4,00:06:32,0.0,0.0,0.0,0,0,0,0,0,-4
5343,139,139,0,0,39.8,5.4,00:06:33,0.0,0.0,0.0,0,0,0,0,0,-4
5343,140,140,0,0,39.9,5.4,00:06:34,0.0,0.0,0.0,0,0,0,0,0,-4
5343,141,141,0,0,39.9,5.4,00:06:35,0.0,0.0,0.0,0,0,0,0,0,-4
5343,142,142,0,0,39.9,5.4,00:06:36,0.0,0.0,0.0,0,0,0,0,0,-4
5343,143,143,0,0,40.0,5.4,00:06:37,0.0,0.0,0.0,0,0,0,0,0,-4
5343,144,144,0,0,40.0,5.4,00:06:38,0.0,0.0,0.0,0,0,0,0,0,-4
5343,145,145,0,0,40.0,5.4,00:06:39,0.0,0.0,0.0,0,0,0,0,0,-4
5343,146,146,0,0,40.1,5.4,00:06:40,0.0,0.0,0.0,0,0,0,0,0,-4
5343,147,147,0,0,40.1,5.4,00:06:41,0.0,0.0,0.0,0,0,0,0,0,-4
5343,148,148,0,0,40.1,5.4,00:06:41,0.0,0.0,0.0,0,0,0,0,0,-4
5343,149,149,0,0,40.2,5.4,00:06:43,0.0,0.0,0.0,0,0,0,0,0,-4
5343,150,150,0,0,40.3,5.4,00:06:43,0.0,0.0,0.0,0,0,0,0,0,-4
5343,151,151,0,0,40.2,5.4,00:06:44,0.0,0.0,0.0,0,0,0,0,0,-4
5343,152,152,0,0,40.2,5.4,00:06:45,0.0,0.0,0.0,0,0,0,0,0,-4
5343,153,153,0,0,40.3,5.4,00:06:46,0.0,0.0,0.0,0,0,0,0,0,-4
5343,154,154,0,0,40.3,5.4,00:06:47,0.0,0.0,0.0,0,0,0,0,0,-4
5343,155,155,0,0,40.4,5.4,00:06:48,0.0,0.0,0.0,0,0,0,0,0,-4
5343,156,156,0,0,40.4,5.4,00:06:49,0.0,0.0,0.0,0,0,0,0,0,-4
5343,157,157,0,0,40.5,5.4,00:06:50,0.0,0.0,0.0,0,0,0,0,0,-4
5343,158,158,0,0,40.5,5.4,00:06:51,0.0,0.0,0.0,0,0,0,0,0,-4
5343,159,159,0,0,40.6,5.4,00:06:52,0.0,0.0,0.0,0,0,0,0,0,-4
5343,160,160,0,0,40.6,5.4,00:06:53,0.0,0.0,0.0,0,0,0,0,0,-4
5343,161,161,0,0,40.6,5.4,00:06:54,0.0,0.0,0.0,0,0,0,0,0,-4
5343,162,162,0,0,40.6,5.4,00:06:55,0.0,0.0,0.0,0,0,0,0,0,-4
5343,163,163,0,0,40.6,5.4,00:06:56,0.0,0.0,0.0,0,0,0,0,0,-4
5343,164,164,0,0,40.7,5.4,00:06:57,0.0,0.0,0.0,0,0,0,0,0,-4
5343,165,165,0,0,40.7,5.4,00:06:58,0.0,0.0,0.0,0,0,0,0,0,-4
5343,166,166,0,0,40.7,5.4,00:06:59,0.0,0.0,0.0,0,0,0,0,0,-4
5343,167,167,0,0,40.8,5.4,00:07:00,0.0,0.0,0.0,0,0,0,0,0,-4
5343,168,168,0,0,40.8,5.4,00:07:01,0.0,0.0,0.0,0,0,0,0,0,-4
5343,169,169,0,0,40.9,5.4,00:07:02,0.0,0.0,0.0,0,0,0,0,0,-4
5343,170,170,0,0,40.9,5.4,00:07:03,0.0,0.0,0.0,0,0,0,0,0,-4
5343,171,171,0,0,40.9,5.4,00:07:04,0.0,0.0,0.0,0,0,0,0,0,-4
5343,172,172,0,0,40.9,5.4,00:07:05,0.0,0.0,0.0,0,0,0,0,0,-4
5343,173,173,0,0,41.0,5.4,00:07:06,0.0,0.0,0.0,0,0,0,0,0,-4
5343,174,174,0,0,41.0,5.4,00:07:07,0.0,0.0,0.0,0,0,0,0,0,-4
5343,175,175,0,0,41.0,5.4,00:07:08,0.0,0.0,0.0,0,0,0,0,0,-4
5343,176,176,0,0,41.1,5.4,00:07:09,0.0,0.0,0.0,0,0,0,0,0,-4
5343,177,177,0,0,41.1,5.4,00:07:10,0.0,0.0,0.0,0,0,0,0,0,-4
5343,178,178,0,0,41.1,5.4,00:07:11,0.0,0.0,0.0,0,0,0,0,0,-4
5343,179,179,0,0,41.2,5.4,00:07:12,0.0,0.0,0.0,0,0,0,0,0,-4
5343,180,180,0,0,41.2,5.4,00:07:13,0.0,0.0,0.0,0,0,0,0,0,-4
5343,181,181,0,0,41.3,5.4,00:07:14,0.0,0.0,0.0,0,0,0,0,0,-4
5343,182,182,0,0,41.3,5.4,00:07:15,0.0,0.0,0.0,0,0,0,0,0,-4
5343,183,183,0,0,41.4,5.4,00:07:16,0.0,0.0,0.0,0,0,0,0,0,-4
5343,184,184,0,0,41.4,5.4,00:07:17,0.0,0.0,0.0,0,0,0,0,0,-4
5343,185,185,0,0,41.4,5.4,00:07:18,0.0,0.0,0.0,0,0,0,0,0,-4
5343,186,186,0,0,41.5,5.4,00:07:19,0.0,0.0,0.0,0,0,0,0,0,-4
5343,187,187,0,0,41.5,5.4,00:07:20,0.0,0.0,0.0,0,0,0,0,0,-4
5343,188,188,0,0,41.5,5.4,00:07:21,0.0,0.0,0.0,0,0,0,0,0,-4
5343,189,189,0,0,41.5,5.4,00:07:22,0.0,0.0,0.0,0,0,0,0,0,-4
5343,190,190,0,0,41.6,5.4,00:07:23,0.0,0.0,0.0,0,0,0,0,0,-4
5343,191,191,0,0,41.6,5.4,00:07:24,0.0,0.0,0.0,0,0,0,0,0,-4
5343,192,192,0,0,41.6,5.4,00:07:25,0.0,0.0,0.0,0,0,0,0,0,-4
5343,193,193,0,0,41.6,5.4,00:07:26,0.0,0.0,0.0,0,0,0,0,0,-4
5343,194,194,0,0,41.7,5.4,00:07:27,0.0,0.0,0.0,0,0,0,0,0,-4
5343,195,195,0,0,41.7,5.4,00:07:28,0.0,0.0,0.0,0,0,0,0,0,-4
5343,196,196,0,0,41.7,5.4,00:07:29,0.0,0.0,0.0,0,0,0,0,0,-4
5343,197,197,0,0,41.8,5.4,00:07:30,0.0,0.0,0.0,0,0,0,0,0,-4
5343,198,198,0,0,41.8,5.4,00:07:31,0.0,0.0,0.0,0,0,0,0,0,-4
5343,199,199,0,0,41.9,5.4,00:07:31,0.0,0.0,0.0,0,0,0,0,0,-4
5343,200,200,0,0,41.8,5.4,00:07:33,0.0,0.0,0.0,0,0,0,0,0,-4
5343,201,201,0,0,41.9,5.4,00:07:34,0.0,0.0,0.0,0,0,0,0,0,-4
5343,202,202,0,0,42.0,5.4,00:07:34,0.0,0.0,0.0,0,0,0,0,0,-4
5343,203,203,0,0,42.0,5.4,00:07:36,0.0,0.0,0.0,0,0,0,0,0,-4
5343,204,204,0,0,42.0,5.4,00:07:36,0.0,0.0,0.0,0,0,0,0,0,-4
5343,205,205,0,0,42.0,5.4,00:07:38,0.0,0.0,0.0,0,0,0,0,0,-4
5343,206,206,0,0,42.1,5.4,00:07:38,0.0,0.0,0.0,0,0,0,0,0,-4
5343,207,207,0,0,42.1,5.4,00:07:39,0.0,0.0,0.0,0,0,0,0,0,-4
5343,208,208,0,0,42.1,5.4,00:07:40,0.0,0.0,0.0,0,0,0,0,0,-4
5343,209,209,0,0,42.2,5.4,00:07:41,0.0,0.0,0.0,0,0,0,0,0,-4
5343,210,210,0,0,42.2,5.4,00:07:42,0.0,0.0,0.0,0,0,0,0,0,-4
5343,211,211,0,0,42.2,5.4,00:07:43,0.0,0.0,0.0,0,0,0,0,0,-4
5343,212,212,0,0,42.3,5.4,00:07:44,0.0,0.0,0.0,0,0,0,0,0,-4
5343,213,213,0,0,42.3,5.4,00:07:45,0.0,0.0,0.0,0,0,0,0,0,-4
5343,214,214,0,0,42.4,5.4,00:07:46,0.0,0.0,0.0,0,0,0,0,0,-4
5343,215,215,0,0,42.4,5.4,00:07:47,0.0,0.0,0.0,0,0,0,0,0,-4
5343,216,216,0,0,42.5,5.4,00:07:48,0.0,0.0,0.0,0,0,0,0,0,-4
5343,217,217,0,0,42.4,5.4,00:07:49,0.0,0.0,0.0,0,0,0,0,0,-4
5343,218,218,0,0,42.5,5.4,00:07:50,0.0,0.0,0.0,0,0,0,0,0,-4
5343,219,219,0,0,42.5,5.4,00:07:51,0.0,0.0,0.0,0,0,0,0,0,-4
5343,220,220,0,0,42.6,5.4,00:07:52,0.0,0.0,0.0,0,0,0,0,0,-4
5343,221,221,0,0,42.6,5.4,00:07:53,0.0,0.0,0.0,0,0,0,0,0,-4
5343,222,222,0,0,42.5,5.4,00:07:54,0.0,0.0,0.0,0,0,0,0,0,-4
5343,223,223,0,0,42.6,5.4,00:07:55,0.0,0.0,0.0,0,0,0,0,0,-4
5343,224,224,0,0,42.7,5.4,00:07:56,0.0,0.0,0.0,0,0,0,0,0,-4
5343,225,225,0,0,42.7,5.4,00:07:57,0.0,0.0,0.0,0,0,0,0,0,-4
5343,226,226,0,0,42.7,5.4,00:07:58,0.0,0.0,0.0,0,0,0,0,0,-4
5343,227,227,0,0,42.8,5.4,00:07:59,0.0,0.0,0.0,0,0,0,0,0,-5
5343,228,228,0,0,42.8,5.4,00:08:00,0.0,0.0,0.0,0,0,0,0,0,-9
5343,229,229,0,0,42.8,5.4,00:08:01,0.0,0.0,0.0,0,0,0,0,0,-10
5343,230,230,0,0,42.8,5.4,00:08:02,0.0,0.0,0.0,0,0,0,0,0,-11
5343,231,231,0,0,42.9,5.4,00:08:03,0.0,0.0,0.0,0,0,0,0,0,-11
5343,232,232,0,0,43.0,5.4,00:08:04,0.0,0.0,0.0,0,0,0,0,0,-11
5343,233,233,0,0,43.0,5.4,00:08:05,0.0,0.0,0.0,0,0,0,0,0,-11
5343,234,234,0,0,43.0,5.4,00:08:06,0.0,0.0,0.0,0,0,0,0,0,-11
5343,235,235,0,0,43.0,5.4,00:08:07,0.0,0.0,0.0,0,0,0,0,0,-11
5343,236,236,0,0,43.1,5.4,00:08:08,0.0,0.0,0.0,0,0,0,0,0,-11
5343,237,237,0,0,43.1,5.4,00:08:09,0.0,0.0,0.0,0,0,0,0,0,-11
5343,238,238,0,0,43.1,5.4,00:08:10,0.0,0.0,0.0,0,0,0,0,0,-11
5343,239,239,0,0,43.1,5.4,00:08:11,0.0,0.0,0.0,0,0,0,0,0,-11
5343,240,240,0,0,43.1,5.4,00:08:12,0.0,0.0,0.0,0,0,0,0,0,-11
5343,241,241,0,0,43.2,5.4,00:08:13,0.0,0.0,0.0,0,0,0,0,0,-11
5343,242,242,0,0,43.3,5.4,00:08:14,0.0,0.0,0.0,0,0,0,0,0,-11
5343,243,243,0,0,43.3,5.4,00:08:15,0.0,0.0,0.0,0,0,0,0,0,-11
5343,244,244,0,0,43.3,5.4,00:08:16,0.0,0.0,0.0,0,0,0,0,0,-11
5343,245,245,0,0,43.4,5.4,00:08:17,0.0,0.0,0.0,0,0,0,0,0,-11
5343,246,246,0,0,43.4,5.4,00:08:18,0.0,0.0,0.0,0,0,0,0,0,-11
5343,247,247,0,0,43.4,5.4,00:08:19,0.0,0.0,0.0,0,0,0,0,0,-11
5343,248,248,0,0,43.5,5.4,00:08:20,0.0,0.0,0.0,0,0,0,0,0,-11
5343,249,249,0,0,43.5,5.4,00:08:21,0.0,0.0,0.0,0,0,0,0,0,-11
5343,250,250,0,0,43.5,5.4,00:08:22,0.0,0.0,0.0,0,0,0,0,0,-11
5343,251,251,0,0,43.5,5.4,00:08:23,0.0,0.0,0.0,0,0,0,0,0,-11
5343,252,252,0,0,43.6,5.4,00:08:24,0.0,0.0,0.0,0,0,0,0,0,-11
5343,253,253,0,0,43.6,5.4,00:08:25,0.0,0.0,0.0,0,0,0,0,0,-11
5343,254,254,0,0,43.7,5.4,00:08:26,0.0,0.0,0.0,0,0,0,0,0,-11
5343,255,255,0,0,43.7,5.4,00:08:27,0.0,0.0,0.0,0,0,0,0,0,-11
5343,256,256,0,0,43.7,5.4,00:08:28,0.0,0.0,0.0,0,0,0,0,0,-11
5343,257,257,0,0,43.7,5.4,00:08:29,0.0,0.0,0.0,0,0,0,0,0,-11
5343,258,258,0,0,43.7,5.4,00:08:29,0.0,0.0,0.0,0,0,0,0,0,-11
5343,259,259,0,0,43.8,5.4,00:08:31,0.0,0.0,0.0,0,0,0,0,0,-11
5343,260,260,0,0,43.8,5.4,00:08:31,0.0,0.0,0.0,0,0,0,0,0,-11
5343,261,261,0,0,43.9,5.4,00:08:32,0.0,0.0,0.0,0,0,0,0,0,-7
5343,262,262,0,0,43.9,5.4,00:08:33,0.0,0.0,0.0,0,0,0,0,0,-6
5343,263,263,0,0,43.9,5.4,00:08:34,0.0,0.0,0.0,0,0,0,0,0,-6
5343,264,264,0,0,44.0,5.4,00:08:35,0.0,0.0,0.0,0,0,0,0,0,-6
5343,265,265,0,0,43.9,5.4,00:08:36,0.0,0.0,0.0,0,0,0,0,0,-6
5343,266,266,0,0,44.0,5.4,00:08:37,0.0,0.0,0.0,0,0,0,0,0,-6
5343,267,267,0,0,44.1,5.4,00:08:38,0.0,0.0,0.0,0,0,0,0,0,-6
5343,268,268,0,0,44.0,5.4,00:08:39,0.0,0.0,0.0,0,0,0,0,0,-6
5343,269,269,0,0,44.1,5.4,00:08:40,0.0,0.0,0.0,0,0,0,0,0,-6
5343,270,270,0,0,44.1,5.4,00:08:41,0.0,0.0,0.0,0,0,0,0,0,-6
5343,271,271,0,0,44.1,5.4,00:08:42,0.0,0.0,0.0,0,0,0,0,0,-7
5343,272,272,0,0,44.1,5.4,00:08:43,0.0,0.0,0.0,0,0,0,0,0,-11
5343,273,273,0,0,44.2,5.4,00:08:44,0.0,0.0,0.0,0,0,0,0,0,-12
5343,274,274,0,0,44.3,5.4,00:08:45,0.0,0.0,0.0,0,0,0,0,0,-8
5343,275,275,0,0,44.3,5.4,00:08:46,0.0,0.0,0.0,0,0,0,0,0,-8
5343,276,276,0,0,44.4,5.4,00:08:47,0.0,0.0,0.0,0,0,0,0,0,-8
5343,277,277,0,0,44.4,5.4,00:08:48,0.0,0.0,0.0,0,0,0,0,0,-8
5343,278,278,0,0,44.4,5.4,00:08:49,0.0,0.0,0.0,0,0,0,0,0,-8
5343,279,279,0,0,44.4,5.4,00:08:50,0.0,0.0,0.0,0,0,0,0,0,-8
5343,280,280,0,0,44.4,5.4,00:08:51,0.0,0.0,0.0,0,0,0,0,0,-8
5343,281,281,0,0,44.5,5.4,00:08:52,0.0,0.0,0.0,0,0,0,0,0,-8
5343,282,282,0,0,44.6,5.4,00:08:53,0.0,0.0,0.0,0,0,0,0,0,-8
5343,283,283,0,0,44.6,5.4,00:08:54,0.0,0.0,0.0,0,0,0,0,0,-8
5343,284,284,0,0,44.6,5.4,00:08:55,0.0,0.0,0.0,0,0,0,0,0,-8
5343,285,285,0,0,44.6,5.4,00:08:56,0.0,0.0,0.0,0,0,0,0,0,-8
5343,286,286,0,0,44.6,5.4,00:08:57,0.0,0.0,0.0,0,0,0,0,0,-8
5343,287,287,0,0,44.7,5.4,00:08:58,0.0,0.0,0.0,0,0,0,0,0,-8
5343,288,288,0,0,44.8,5.4,00:08:59,0.0,0.0,0.0,0,0,0,0,0,-8
5343,289,289,0,0,44.7,5.4,00:09:00,0.0,0.0,0.0,0,0,0,0,0,-8
5343,290,290,0,0,44.8,5.4,00:09:01,0.0,0.0,0.0,0,0,0,0,0,-8
5343,291,291,0,0,44.8,5.4,00:09:02,0.0,0.0,0.0,0,0,0,0,0,-8
5343,292,292,0,0,44.9,5.4,00:09:03,0.0,0.0,0.0,0,0,0,0,0,-8
5343,293,293,0,0,44.9,5.4,00:09:04,0.0,0.0,0.0,0,0,0,0,0,-8
5343,294,294,0,0,44.9,5.4,00:09:05,0.0,0.0,0.0,0,0,0,0,0,-8
5343,295,295,0,0,44.9,5.4,00:09:06,0.0,0.0,0.0,0,0,0,0,0,-8
5343,296,296,0,0,44.9,5.4,00:09:07,0.0,0.0,0.0,0,0,0,0,0,-8
5343,297,297,0,0,45.0,5.4,00:09:08,0.0,0.0,0.0,0,0,0,0,0,-8
5343,298,298,0,0,45.0,5.4,00:09:09,0.0,0.0,0.0,0,0,0,0,0,-8
5343,299,299,0,0,45.0,5.4,00:09:10,0.0,0.0,0.0,0,0,0,0,0,-8
5343,300,300,0,0,45.1,5.4,00:09:11,0.0,0.0,0.0,0,0,0,0,0,-8
5343,301,301,0,0,45.1,5.4,00:09:12,0.0,0.0,0.0,0,0,0,0,0,-8
5343,302,302,0,0,45.1,5.4,00:09:13,0.0,0.0,0.0,0,0,0,0,0,-8
5343,303,303,0,0,45.2,5.4,00:09:14,0.0,0.0,0.0,0,0,0,0,0,-8
5343,304,304,0,0,45.2,5.4,00:09:15,0.0,0.0,0.0,0,0,0,0,0,-8
5343,305,305,0,0,45.2,5.4,00:09:16,0.0,0.0,0.0,0,0,0,0,0,-8
5343,306,306,0,0,45.2,5.4,00:09:17,0.0,0.0,0.0,0,0,0,0,0,-8
5343,307,307,0,0,45.3,5.4,00:09:18,0.0,0.0,0.0,0,0,0,0,0,-8
5343,308,308,0,0,45.4,5.4,00:09:19,0.0,0.0,0.0,0,0,0,0,0,-8
5343,309,309,0,0,45.4,5.4,00:09:20,0.0,0.0,0.0,0,0,0,0,0,-8
5343,310,310,0,0,45.4,5.4,00:09:21,0.0,0.0,0.0,0,0,0,0,0,-8
5343,311,311,0,0,45.4,5.4,00:09:22,0.0,0.0,0.0,0,0,0,0,0,-8
5343,312,312,0,0,45.5,5.4,00:09:23,0.0,0.0,0.0,0,0,0,0,0,-8
5343,313,313,0,0,45.4,5.4,00:09:24,0.0,0.0,0.0,0,0,0,0,0,-8
5343,314,314,0,0,45.5,5.4,00:09:24,0.0,0.0,0.0,0,0,0,0,0,-8
5343,315,315,0,0,45.5,5.4,00:09:26,0.0,0.0,0.0,0,0,0,0,0,-8
5343,316,316,0,0,45.6,5.4,00:09:27,0.0,0.0,0.0,0,0,0,0,0,-8
5343,317,317,0,0,45.6,5.4,00:09:27,0.0,0.0,0.0,0,0,0,0,0,-8
5343,318,318,0,0,45.6,5.4,00:09:29,0.0,0.0,0.0,0,0,0,0,0,-8
5343,319,319,0,0,45.7,5.4,00:09:29,0.0,0.0,0.0,0,0,0,0,0,-8
5343,320,320,0,0,45.7,5.4,00:09:30,0.0,0.0,0.0,0,0,0,0,0,-8
5343,321,321,0,0,45.7,5.4,00:09:31,0.0,0.0,0.0,0,0,0,0,0,-8
5343,322,322,0,0,45.8,5.4,00:09:32,0.0,0.0,0.0,0,0,0,0,0,-8
5343,323,323,0,0,45.8,5.4,00:09:33,0.0,0.0,0.0,0,0,0,0,0,-8
5343,324,324,0,0,45.8,5.5,00:09:34,0.0,0.0,0.0,0,0,0,0,0,-8
5343,325,325,0,0,45.8,5.4,00:09:35,0.0,0.0,0.0,0,0,0,0,0,-8
5343,326,326,0,0,45.9,5.4,00:09:36,0.0,0.0,0.0,0,0,0,0,0,-8
5343,327,327,0,0,45.9,5.4,00:09:37,0.0,0.0,0.0,0,0,0,0,0,-8
5343,328,328,0,0,45.9,5.4,00:09:38,0.0,0.0,0.0,0,0,0,0,0,-8
5343,329,329,0,0,46.0,5.4,00:09:39,0.0,0.0,0.0,0,0,0,0,0,-8
5343,330,330,0,0,46.0,5.4,00:09:40,0.0,0.0,0.0,0,0,0,0,0,-8
5343,331,331,0,0,46.0,5.4,00:09:41,0.0,0.0,0.0,0,0,0,0,0,-8
5343,332,332,0,0,46.0,5.4,00:09:42,0.0,0.0,0.0,0,0,0,0,0,-8
5343,333,333,0,0,46.1,5.4,00:09:43,0.0,0.0,0.0,0,0,0,0,0,-8
5343,334,334,0,0,46.1,5.4,00:09:44,0.0,0.0,0.0,0,0,0,0,0,-8
5343,335,335,0,0,46.1,5.4,00:09:45,0.0,0.0,0.0,0,0,0,0,0,-8
5343,336,336,0,0,46.2,5.4,00:09:46,0.0,0.0,0.0,0,0,0,0,0,-8
5343,337,337,0,0,46.2,5.4,00:09:47,0.0,0.0,0.0,0,0,0,0,0,-8
5343,338,338,0,0,46.2,5.5,00:09:48,0.0,0.0,0.0,0,0,0,0,0,-9
5343,339,339,0,0,46.3,5.4,00:09:49,0.0,0.0,0.0,0,0,0,0,0,-11
5343,340,340,0,0,46.3,5.4,00:09:50,0.0,0.0,0.0,0,0,0,0,0,-12
5343,341,341,0,0,46.3,5.4,00:09:51,0.0,0.0,0.0,0,0,0,0,0,-13
5343,342,342,0,0,46.4,5.4,00:09:52,0.0,0.0,0.0,0,49,0,0,0,-13
5343,343,343,0,0,46.4,5.4,00:09:53,0.0,0.0,0.0,0,49,0,0,0,-13
5343,344,344,0,0,46.4,5.5,00:09:54,0.0,0.0,0.0,0,49,0,0,0,-13
5343,345,345,0,0,46.4,5.4,00:09:55,0.0,0.0,0.0,0,49,0,0,0,-13
5343,346,346,0,0,46.4,5.4,00:09:56,0.0,0.0,0.0,0,49,0,0,0,-13
5343,347,347,0,0,46.5,5.4,00:09:57,0.0,0.0,0.0,0,49,0,0,0,-13
5343,348,348,0,0,46.5,5.4,00:09:58,0.0,0.0,0.0,0,49,0,0,0,-13
5343,349,349,0,0,46.5,5.4,00:09:59,0.0,0.0,0.0,0,49,0,0,0,-13
5343,350,350,0,0,46.6,5.4,00:10:00,0.0,0.0,0.0,0,0,0,0,0,-13
5343,351,351,0,0,46.6,5.4,00:10:01,0.0,0.0,0.0,0,0,0,0,0,-13
5343,352,352,0,0,46.6,5.4,00:10:02,0.0,0.0,0.0,0,0,0,0,0,-13
5343,353,353,0,0,46.6,5.4,00:10:03,0.0,0.0,0.0,0,0,0,0,0,-13
5343,354,354,0,0,46.7,5.4,00:10:04,0.0,0.0,0.0,0,0,0,0,0,-13
5343,355,355,0,0,46.8,5.4,00:10:05,0.0,0.0,0.0,0,0,0,0,0,-13
5343,356,356,0,0,46.8,5.4,00:10:06,0.0,0.0,0.0,0,0,0,0,0,-13
5343,357,357,0,0,46.8,5.4,00:10:07,0.0,0.0,0.0,0,0,0,0,0,-13
5343,358,358,0,0,46.8,5.4,00:10:08,0.0,0.0,0.0,0,0,0,0,0,-13
5343,359,359,0,0,46.8,5.4,00:10:09,0.0,0.0,0.0,0,0,0,0,0,-13
5343,360,360,0,0,46.9,5.4,00:10:10,0.0,0.0,0.0,0,0,0,0,0,-13
5343,361,361,0,0,46.9,5.4,00:10:11,0.0,0.0,0.0,0,0,0,0,0,-13
5343,362,362,0,0,46.9,5.4,00:10:12,0.0,0.0,0.0,0,0,0,0,0,-13
5343,363,363,0,0,47.0,5.4,00:10:13,0.0,0.0,0.0,0,0,0,0,0,-13
5343,364,364,0,0,47.0,5.4,00:10:14,0.0,0.0,0.0,0,0,0,0,0,-13
5343,365,365,0,0,47.0,5.4,00:10:15,0.0,0.0,0.0,0,0,0,0,0,-13
5343,366,366,0,0,47.1,5.4,00:10:16,0.0,0.0,0.0,0,0,0,0,0,-13
5343,367,367,0,0,47.1,5.4,00:10:17,0.0,0.0,0.0,0,0,0,0,0,-13
5343,368,368,0,0,47.1,5.4,00:10:18,0.0,0.0,0.0,0,0,0,0,0,-13
5343,369,369,0,0,47.1,5.4,00:10:19,0.0,0.0,0.0,0,0,0,0,0,-13
5343,370,370,0,0,47.1,5.4,00:10:20,0.0,0.0,0.0,0,0,0,0,0,-13
5343,371,371,0,0,47.2,5.4,00:10:21,0.0,0.0,0.0,0,0,0,0,0,-13
5343,372,372,0,0,47.2,5.4,00:10:21,0.0,0.0,0.0,0,0,0,0,0,-13
5343,373,373,0,0,47.3,5.4,00:10:23,0.0,0.0,0.0,0,0,0,0,0,-13
5343,374,374,0,0,47.3,5.4,00:10:23,0.0,0.0,0.0,0,0,0,0,0,-13
5343,375,375,0,0,47.3,5.4,00:10:25,0.0,0.0,0.0,0,0,0,0,0,-13
5343,376,376,0,0,47.3,5.4,00:10:25,0.0,0.0,0.0,0,0,0,0,0,-13
5343,377,377,0,0,47.3,5.4,00:10:26,0.0,0.0,0.0,0,0,0,0,0,-13
5343,378,378,0,0,47.4,5.4,00:10:28,0.0,0.0,0.0,0,0,0,0,0,-13
5343,379,379,0,0,47.4,5.4,00:10:28,0.0,0.0,0.0,0,0,0,0,0,-13
5343,380,380,0,0,47.5,5.4,00:10:29,0.0,0.0,0.0,0,0,0,0,0,-13
5343,381,381,0,0,47.5,5.4,00:10:30,0.0,0.0,0.0,0,0,0,0,0,-13
5343,382,382,0,0,47.5,5.4,00:10:31,0.0,0.0,0.0,0,0,0,0,0,-13
5343,383,383,0,0,47.5,5.4,00:10:32,0.0,0.0,0.0,0,0,0,0,0,-13
5343,384,384,0,0,47.5,5.4,00:10:33,0.0,0.0,0.0,0,0,0,0,0,-13
5343,385,385,0,0,47.6,5.4,00:10:34,0.0,0.0,0.0,0,0,0,0,0,-13
5343,386,386,0,0,47.6,5.4,00:10:35,0.0,0.0,0.0,0,0,0,0,0,-13
5343,387,387,0,0,47.7,5.4,00:10:36,0.0,0.0,0.0,0,0,0,0,0,-13
5343,388,388,0,0,47.6,5.5,00:10:37,0.0,0.0,0.0,0,0,0,0,0,-13
5343,389,389,0,0,47.6,5.4,00:10:38,0.0,0.0,0.0,0,0,0,0,0,-13
5343,390,390,0,0,47.7,5.4,00:10:39,0.0,0.0,0.0,0,0,0,0,0,-13
5343,391,391,0,0,47.7,5.4,00:10:40,0.0,0.0,0.0,0,0,0,0,0,-13
5343,392,392,0,0,47.8,5.4,00:10:41,0.0,0.0,0.0,0,0,0,0,0,-13
5343,393,393,0,0,47.8,5.4,00:10:42,0.0,0.0,0.0,0,0,0,0,0,-13
5343,394,394,0,0,47.8,5.4,00:10:43,0.0,0.0,0.0,0,0,0,0,0,-13
5343,395,395,0,0,47.9,5.4,00:10:44,0.0,0.0,0.0,0,0,0,0,0,-13
5343,396,396,0,0,47.9,5.4,00:10:45,0.0,0.0,0.0,0,0,0,0,0,-13
5343,397,397,0,0,48.0,5.5,00:10:46,0.0,0.0,0.0,0,0,0,0,0,-13
5343,398,398,0,0,47.9,5.4,00:10:47,0.0,0.0,0.0,0,0,0,0,0,-13
5343,399,399,0,0,48.0,5.4,00:10:48,0.0,0.0,0.0,0,0,0,0,0,-13
5343,400,400,0,0,48.0,5.4,00:10:49,0.0,0.0,0.0,0,0,0,0,0,-13
5343,401,401,0,0,48.0,5.4,00:10:50,0.0,0.0,0.0,0,0,0,0,0,-13
5343,402,402,0,0,48.1,5.4,00:10:51,0.0,0.0,0.0,0,0,0,0,0,-14
5343,403,403,0,0,48.1,5.5,00:10:52,0.0,0.0,0.0,0,0,0,0,0,-13
5343,404,404,0,0,48.2,5.4,00:10:53,0.0,0.0,0.0,0,0,0,0,0,-14
5343,405,405,0,0,48.2,5.4,00:10:54,0.0,0.0,0.0,0,0,0,0,0,-14
5343,406,406,0,0,48.2,5.4,00:10:55,0.0,0.0,0.0,0,0,0,0,0,-14
5343,407,407,0,0,48.2,5.4,00:10:56,0.0,0.0,0.0,0,0,0,0,0,-14
5343,408,408,0,0,48.2,5.4,00:10:57,0.0,0.0,0.0,0,0,0,0,0,-14
5343,409,409,0,0,48.2,5.4,00:10:58,0.0,0.0,0.0,0,0,0,0,0,-13
5343,410,410,0,0,48.3,5.4,00:10:59,0.0,0.0,0.0,0,0,0,0,0,-13
5343,411,411,0,0,48.3,5.4,00:11:00,0.0,0.0,0.0,0,0,0,0,0,-13
5343,412,412,0,0,48.4,5.4,00:11:01,0.0,0.0,0.0,0,0,0,0,0,-13
5343,413,413,0,0,48.4,5.4,00:11:02,0.0,0.0,0.0,0,0,0,0,0,-13
5343,414,414,0,0,48.4,5.4,00:11:03,0.0,0.0,0.0,0,0,0,0,0,-13
5343,415,415,0,0,48.4,5.4,00:11:04,0.0,0.0,0.0,0,0,0,0,0,-13
5343,416,416,0,0,48.5,5.5,00:11:05,0.0,0.0,0.0,0,0,0,0,0,-13
5343,417,417,0,0,48.5,5.5,00:11:06,0.0,0.0,0.0,0,0,0,0,0,-13
5343,418,418,0,0,48.5,5.5,00:11:07,0.0,0.0,0.0,0,0,0,0,0,-13
5343,419,419,0,0,48.5,5.4,00:11:08,0.0,0.0,0.0,0,0,0,0,0,-13
5343,420,420,0,0,48.5,5.5,00:11:09,0.0,0.0,0.0,0,0,0,0,0,-13
5343,421,421,0,0,48.6,5.4,00:11:10,0.0,0.0,0.0,0,0,0,0,0,-13
5343,422,422,0,0,48.7,5.4,00:11:11,0.0,0.0,0.0,0,0,0,0,0,-13
5343,423,423,0,0,48.6,5.4,00:11:12,0.0,0.0,0.0,0,0,0,0,0,-13
5343,424,424,0,0,48.7,5.5,00:11:13,0.0,0.0,0.0,0,0,0,0,0,-13
5343,425,425,0,0,48.7,5.4,00:11:14,0.0,0.0,0.0,0,0,0,0,0,-13
5343,426,426,0,0,48.8,5.4,00:11:15,0.0,0.0,0.0,0,0,0,0,0,-13
5343,427,427,0,0,48.7,5.4,00:11:16,0.0,0.0,0.0,0,0,0,0,0,-13
5343,428,428,0,0,48.8,5.5,00:11:17,0.0,0.0,0.0,0,0,0,0,0,-13
5343,429,429,0,0,48.8,5.4,00:11:18,0.0,0.0,0.0,0,0,0,0,0,-13
5343,430,430,0,0,48.8,5.4,00:11:19,0.0,0.0,0.0,0,0,0,0,0,-13
5343,431,431,0,0,48.9,5.4,00:11:20,0.0,0.0,0.0,0,0,0,0,0,-13
5343,432,432,0,0,48.9,5.5,00:11:21,0.0,0.0,0.0,0,0,0,0,0,-13
5343,433,433,0,0,48.9,5.4,00:11:21,0.0,0.0,0.0,0,0,0,0,0,-13
5343,434,434,0,0,48.9,5.4,00:11:23,0.0,0.0,0.0,0,0,0,0,0,-13
5343,435,435,0,0,48.9,5.5,00:11:23,0.0,0.0,0.0,0,0,0,0,0,-13
5343,436,436,0,0,49.0,5.4,00:11:25,0.0,0.0,0.0,0,0,0,0,0,-13
5343,437,437,0,0,49.0,5.5,00:11:25,0.0,0.0,0.0,0,0,0,0,0,-13
5343,438,438,0,0,49.1,5.4,00:11:26,0.0,0.0,0.0,0,0,0,0,0,-13
5343,439,439,0,0,49.1,5.5,00:11:28,0.0,0.0,0.0,0,0,0,0,0,-13
5343,440,440,0,0,49.2,5.5,00:11:28,0.0,0.0,0.0,0,0,0,0,0,-13
5343,441,441,0,0,49.2,5.4,00:11:30,0.0,0.0,0.0,0,0,0,0,0,-13
5343,442,442,0,0,49.2,5.5,00:11:30,0.0,0.0,0.0,0,0,0,0,0,-13
5343,443,443,0,0,49.2,5.5,00:11:31,0.0,0.0,0.0,0,0,0,0,0,-13
5343,444,444,0,0,49.2,5.5,00:11:32,0.0,0.0,0.0,0,0,0,0,0,-13
5343,445,445,0,0,49.2,5.5,00:11:33,0.0,0.0,0.0,0,0,0,0,0,-13
5343,446,446,0,0,49.2,5.5,00:11:34,0.0,0.0,0.0,0,0,0,0,0,-13
5343,447,447,0,0,49.3,5.5,00:11:35,0.0,0.0,0.0,0,0,0,0,0,-13
5343,448,448,0,0,49.3,5.4,00:11:36,0.0,0.0,0.0,0,0,0,0,0,-13
5343,449,449,0,0,49.3,5.5,00:11:37,0.0,0.0,0.0,0,0,0,0,0,-13
5343,450,450,0,0,49.4,5.5,00:11:38,0.0,0.0,0.0,0,0,0,0,0,-13
5343,451,451,0,0,49.4,5.4,00:11:39,0.0,0.0,0.0,0,0,0,0,0,-13
5343,452,452,0,0,49.5,5.5,00:11:40,0.0,0.0,0.0,0,0,0,0,0,-13
5343,453,453,0,0,49.4,5.4,00:11:41,0.0,0.0,0.0,0,0,0,0,0,-13
5343,454,454,0,0,49.5,5.4,00:11:42,0.0,0.0,0.0,0,0,0,0,0,-13
5343,455,455,0,0,49.5,5.4,00:11:43,0.0,0.0,0.0,0,0,0,0,0,-13
5343,456,456,0,0,49.5,5.5,00:11:44,0.0,0.0,0.0,0,0,0,0,0,-13
5343,457,457,0,0,49.5,5.4,00:11:45,0.0,0.0,0.0,0,0,0,0,0,-13
5343,458,458,0,0,49.5,5.4,00:11:46,0.0,0.0,0.0,0,0,0,0,0,-13
5343,459,459,0,0,49.6,5.4,00:11:47,0.0,0.0,0.0,0,0,0,0,0,-13
5343,460,460,0,0,49.6,5.5,00:11:48,0.0,0.0,0.0,0,0,0,0,0,-13
5343,461,461,0,0,49.7,5.5,00:11:49,0.0,0.0,0.0,0,0,0,0,0,-13
5343,462,462,0,0,49.7,5.5,00:11:50,0.0,0.0,0.0,0,0,0,0,0,-13
5343,463,463,0,0,49.7,5.4,00:11:51,0.0,0.0,0.0,0,0,0,0,0,-13
5343,464,464,0,0,49.7,5.5,00:11:52,0.0,0.0,0.0,0,0,0,0,0,-13
5343,465,465,0,0,49.8,5.5,00:11:53,0.0,0.0,0.0,0,0,0,0,0,-13
5343,466,466,0,0,49.8,5.5,00:11:54,0.0,0.0,0.0,0,0,0,0,0,-13
5343,467,467,0,0,49.8,5.5,00:11:55,0.0,0.0,0.0,0,0,0,0,0,-13
5343,468,468,0,0,49.8,5.4,00:11:56,0.0,0.0,0.0,0,0,0,0,0,-13
5343,469,469,0,0,49.9,5.5,00:11:57,0.0,0.0,0.0,0,0,0,0,0,-13
5343,470,470,0,0,49.9,5.5,00:11:58,0.0,0.0,0.0,0,0,0,0,0,-13
5343,471,471,0,0,49.9,5.5,00:11:59,0.0,0.0,0.0,0,0,0,0,0,-13
5343,472,472,0,0,49.9,5.4,00:12:00,0.0,0.0,0.0,0,0,0,0,0,-15
5343,473,473,0,0,50.0,5.4,00:12:01,0.0,0.0,0.0,0,0,0,0,0,-18
5343,474,474,0,0,50.0,5.4,00:12:02,0.0,0.0,0.0,0,0,0,0,0,-19
5343,475,475,0,0,50.0,5.5,00:12:03,0.0,0.0,0.0,0,0,0,0,0,-20
5343,476,476,0,0,50.1,5.5,00:12:04,0.0,0.0,0.0,0,0,0,0,0,-20
5343,477,477,0,0,50.1,5.4,00:12:05,0.0,0.0,0.0,0,0,0,0,0,-20
5343,478,478,0,0,50.1,5.4,00:12:06,0.0,0.0,0.0,0,0,0,0,0,-20
5343,479,479,0,0,50.1,5.5,00:12:07,0.0,0.0,0.0,0,0,0,0,0,-20
5343,480,480,0,0,50.1,5.5,00:12:08,0.0,0.0,0.0,0,0,0,0,0,-20
5343,481,481,0,0,50.2,5.5,00:12:09,0.0,0.0,0.0,0,0,0,0,0,-15
5343,482,482,0,0,50.3,5.5,00:12:10,0.0,0.0,0.0,0,0,0,0,0,-15
5343,483,483,0,0,50.3,5.4,00:12:11,0.0,0.0,0.0,0,0,0,0,0,-15
5343,484,484,0,0,50.3,5.5,00:12:12,0.0,0.0,0.0,0,0,0,0,0,-15
5343,485,485,0,0,50.3,5.5,00:12:13,0.0,0.0,0.0,0,0,0,0,0,-17
5343,486,486,0,0,50.4,5.5,00:12:14,0.0,0.0,0.0,0,0,0,0,0,-18
5343,487,487,0,0,50.3,5.5,00:12:15,0.0,0.0,0.0,0,55,0,0,0,-24
5343,488,488,0,0,50.4,5.4,00:12:16,0.0,0.0,0.0,0,54,0,0,0,-24
5343,489,489,0,0,50.4,5.5,00:12:17,0.0,0.0,0.0,0,52,0,0,0,-22
5343,490,490,0,0,50.4,5.4,00:12:18,0.0,0.0,0.0,0,0,0,0,0,-17
5343,491,491,0,0,50.4,5.5,00:12:19,0.0,0.0,0.0,0,0,0,0,0,-17
5343,492,492,0,0,50.4,5.5,00:12:20,0.0,0.0,0.0,0,0,0,0,0,-13
5343,493,493,0,0,50.5,5.4,00:12:21,0.0,0.0,0.0,0,0,0,0,0,-11
5343,494,494,0,0,50.4,5.4,00:12:22,0.0,0.0,0.0,0,0,0,0,0,-8
5343,495,495,0,0,50.5,5.5,00:12:23,0.0,0.0,0.0,0,0,0,0,0,-6
5343,496,496,0,0,50.6,5.5,00:12:23,0.0,0.0,0.0,0,0,0,0,0,-2
5343,497,497,0,0,50.6,5.5,00:12:25,0.0,0.0,0.0,0,0,-7,0,0,0
5343,498,498,0,0,50.6,5.5,00:12:26,0.0,0.0,0.0,0,0,0,0,0,0
5343,499,499,0,0,50.7,5.5,00:12:27,0.0,0.0,0.0,0,47,0,0,0,-1
5343,500,500,0,0,50.7,5.5,00:12:28,0.0,0.0,0.0,0,0,0,0,0,-20
5343,501,501,0,0,50.6,5.5,00:12:28,0.0,0.0,0.0,0,0,0,0,0,-25
5343,502,502,0,0,50.7,5.5,00:12:30,0.0,0.0,0.0,0,0,0,0,0,-22
5343,503,503,0,0,50.7,5.5,00:12:30,0.0,0.0,0.0,0,0,0,0,0,-17
5343,504,504,0,0,50.7,5.4,00:12:32,0.0,0.0,0.0,0,0,0,0,0,-18
5343,505,505,0,0,50.8,5.5,00:12:32,0.0,0.0,0.0,0,0,0,0,0,-19
5343,506,506,0,0,50.8,5.5,00:12:33,0.0,0.0,0.0,0,0,0,0,0,-19
5343,507,507,0,0,50.9,5.5,00:12:34,0.0,0.0,0.0,0,0,0,0,0,-19
5343,508,508,0,0,50.9,5.5,00:12:35,0.0,0.0,0.0,0,0,0,0,0,-19
5343,509,509,0,0,50.9,5.5,00:12:36,0.0,0.0,0.0,0,0,0,0,0,-19
5343,510,510,0,0,50.9,5.5,00:12:37,0.0,0.0,0.0,0,0,0,0,0,-19
5343,511,511,0,0,51.0,5.5,00:12:38,0.0,0.0,0.0,0,0,0,0,0,-19
5343,512,512,0,0,50.9,5.5,00:12:39,0.0,0.0,0.0,0,0,0,0,0,-19
5343,513,513,0,0,51.0,5.5,00:12:40,0.0,0.0,0.0,0,0,0,0,0,-19
5343,514,514,0,0,51.1,5.5,00:12:41,0.0,0.0,0.0,0,0,0,0,0,-19
5343,515,515,0,0,51.0,5.5,00:12:42,0.0,0.0,0.0,0,0,0,0,0,-19
5343,516,516,0,0,51.1,5.5,00:12:43,0.0,0.0,0.0,0,0,0,0,0,-19
5343,517,517,0,0,51.1,5.5,00:12:44,0.0,0.0,0.0,0,0,0,0,0,-19
5343,518,518,0,0,51.1,5.5,00:12:45,0.0,0.0,0.0,0,0,0,0,0,-19
5343,519,519,0,0,51.2,5.5,00:12:46,0.0,0.0,0.0,0,0,0,0,0,-19
5343,520,520,0,0,51.2,5.5,00:12:47,0.0,0.0,0.0,0,0,0,0,0,-19
5343,521,521,0,0,51.2,5.5,00:12:48,0.0,0.0,0.0,0,0,0,0,0,-19
5343,522,522,0,0,51.3,5.5,00:12:49,0.0,0.0,0.0,0,0,0,0,0,-19
5343,523,523,0,0,51.2,5.5,00:12:50,0.0,0.0,0.0,0,0,0,0,0,-19
5343,524,524,0,0,51.3,5.5,00:12:51,0.0,0.0,0.0,0,0,0,0,0,-19
5343,525,525,0,0,51.3,5.5,00:12:52,0.0,0.0,0.0,0,0,0,0,0,-18
5343,526,526,0,0,51.3,5.5,00:12:53,0.0,0.0,0.0,0,0,0,0,0,-18
5343,527,527,0,0,51.4,5.5,00:12:54,0.0,0.0,0.0,0,0,0,0,0,-18
5343,528,528,0,0,51.4,5.5,00:12:55,0.0,0.0,0.0,0,0,0,0,0,-18
5343,529,529,0,0,51.4,5.5,00:12:56,0.0,0.0,0.0,0,0,0,0,0,-18
5343,530,530,0,0,51.4,5.5,00:12:57,0.0,0.0,0.0,0,0,0,0,0,-18
5343,531,531,0,0,51.4,5.5,00:12:58,0.0,0.0,0.0,0,0,0,0,0,-18
5343,532,532,0,0,51.5,5.5,00:12:59,0.0,0.0,0.0,0,0,0,0,0,-18
5343,533,533,0,0,51.5,5.5,00:13:00,0.0,0.0,0.0,0,0,0,0,0,-18
5343,534,534,0,0,51.5,5.5,00:13:01,0.0,0.0,0.0,0,0,0,0,0,-18
5343,535,535,0,0,51.5,5.5,00:13:02,0.0,0.0,0.0,0,0,0,0,0,-18
5343,536,536,0,0,51.6,5.5,00:13:03,0.0,0.0,0.0,0,0,0,0,0,-18
5343,537,537,0,0,51.6,5.5,00:13:04,0.0,0.0,0.0,0,0,0,0,0,-18
5343,538,538,0,0,51.6,5.5,00:13:05,0.0,0.0,0.0,0,0,0,0,0,-18
5343,539,539,0,0,51.6,5.5,00:13:06,0.0,0.0,0.0,0,52,0,0,0,-18
5343,540,540,0,0,51.7,5.5,00:13:07,0.0,0.0,0.0,0,52,0,0,0,-18
5343,541,541,0,0,51.7,5.5,00:13:08,0.0,0.0,0.0,0,52,0,0,0,-18
5343,542,542,0,0,51.7,5.5,00:13:09,0.0,0.0,0.0,0,52,0,0,0,-18
5343,543,543,0,0,51.7,5.5,00:13:10,0.0,0.0,0.0,0,52,0,0,0,-18
5343,544,544,0,0,51.7,5.5,00:13:11,0.0,0.0,0.0,0,52,0,0,0,-18
5343,545,545,0,0,51.8,5.5,00:13:12,0.0,0.0,0.0,0,52,0,0,0,-18
5343,546,546,0,0,51.8,5.5,00:13:13,0.0,0.0,0.0,0,51,0,0,0,-18
5343,547,547,0,0,51.8,5.5,00:13:14,0.0,0.0,0.0,0,51,0,0,0,-18
5343,548,548,0,0,51.8,5.5,00:13:15,0.0,0.0,0.0,0,51,0,0,0,-18
5343,549,549,0,0,51.9,5.5,00:13:16,0.0,0.0,0.0,0,51,0,0,0,-18
5343,550,550,0,0,51.9,5.5,00:13:17,0.0,0.0,0.0,0,51,0,0,0,-18
5343,551,551,0,0,52.0,5.5,00:13:18,0.0,0.0,0.0,0,51,0,0,0,-19
5343,552,552,0,0,52.0,5.5,00:13:19,0.0,0.0,0.0,0,51,0,0,0,-19
5343,553,553,0,0,52.0,5.5,00:13:20,0.0,0.0,0.0,0,51,0,0,0,-19
5343,554,554,0,0,52.0,5.5,00:13:21,0.0,0.0,0.0,0,51,0,0,0,-19
5343,555,555,0,0,52.0,5.5,00:13:22,0.0,0.0,0.0,0,51,0,0,0,-19
5343,556,556,0,0,52.1,5.5,00:13:23,0.0,0.0,0.0,0,51,0,0,0,-19
5343,557,557,0,0,52.1,5.5,00:13:24,0.0,0.0,0.0,0,51,0,0,0,-19
5343,558,558,0,0,52.1,5.5,00:13:25,0.0,0.0,0.0,0,51,0,0,0,-19
5343,559,559,0,0,52.1,5.5,00:13:26,0.0,0.0,0.0,0,51,0,0,0,-19
5343,560,560,0,0,52.1,5.5,00:13:27,0.0,0.0,0.0,0,51,0,0,0,-19
5343,561,561,0,0,52.2,5.5,00:13:28,0.0,0.0,0.0,0,51,0,0,0,-19
5343,562,562,0,0,52.2,5.5,00:13:29,0.0,0.0,0.0,0,51,0,0,0,-19
5343,563,563,0,0,52.2,5.5,00:13:30,0.0,0.0,0.0,0,51,0,0,0,-19
5343,564,564,0,0,52.3,5.5,00:13:31,0.0,0.0,0.0,0,51,0,0,0,-19
5343,565,565,0,0,52.3,5.5,00:13:32,0.0,0.0,0.0,0,51,0,0,0,-19
5343,566,566,0,0,52.2,5.5,00:13:33,0.0,0.0,0.0,0,51,0,0,0,-19
5343,567,567,0,0,52.4,5.5,00:13:34,0.0,0.0,0.0,0,51,0,0,0,-19
5343,568,568,0,0,52.3,5.5,00:13:35,0.0,0.0,0.0,0,51,0,0,0,-19
5343,569,569,0,0,52.4,5.5,00:13:36,0.0,0.0,0.0,0,51,0,0,0,-19
5343,570,570,0,0,52.4,5.5,00:13:37,0.0,0.0,0.0,0,51,0,0,0,-19
5343,571,571,0,0,52.4,5.5,00:13:37,0.0,0.0,0.0,0,51,0,0,0,-19
5343,572,572,0,0,52.4,5.5,00:13:39,0.0,0.0,0.0,0,51,0,0,0,-19
5343,573,573,0,0,52.4,5.5,00:13:39,0.0,0.0,0.0,0,51,0,0,0,-19
5343,574,574,0,0,52.4,5.5,00:13:40,0.0,0.0,0.0,0,51,0,0,0,-19
5343,575,575,0,0,52.5,5.5,00:13:41,0.0,0.0,0.0,0,51,0,0,0,-19
5343,576,576,0,0,52.5,5.5,00:13:42,0.0,0.0,0.0,0,51,0,0,0,-19
5343,577,577,0,0,52.5,5.5,00:13:44,0.0,0.0,0.0,0,51,0,0,0,-19
5343,578,578,0,0,52.6,5.5,00:13:44,0.0,0.0,0.0,0,51,0,0,0,-19
5343,579,579,0,0,52.6,5.5,00:13:45,0.0,0.0,0.0,0,51,0,0,0,-19
5343,580,580,0,0,52.6,5.5,00:13:46,0.0,0.0,0.0,0,51,0,0,0,-19
5343,581,581,0,0,52.6,5.5,00:13:47,0.0,0.0,0.0,0,50,0,0,0,-19
5343,582,582,0,0,52.7,5.5,00:13:48,0.0,0.0,0.0,0,50,0,0,0,-19
5343,583,583,0,0,52.7,5.5,00:13:49,0.0,0.0,0.0,0,50,0,0,0,-19
5343,584,584,0,0,52.8,5.5,00:13:50,0.0,0.0,0.0,0,50,0,0,0,-19
5343,585,585,0,0,52.8,5.5,00:13:51,0.0,0.0,0.0,0,50,0,0,0,-19
5343,586,586,0,0,52.7,5.5,00:13:52,0.0,0.0,0.0,0,50,0,0,0,-19
5343,587,587,0,0,52.8,5.5,00:13:53,0.0,0.0,0.0,0,50,0,0,0,-19
5343,588,588,0,0,52.8,5.5,00:13:54,0.0,0.0,0.0,0,50,0,0,0,-19
5343,589,589,0,0,52.8,5.5,00:13:55,0.0,0.0,0.0,0,50,0,0,0,-19
5343,590,590,0,0,52.9,5.4,00:13:56,0.0,0.0,0.0,0,51,0,0,0,-19
5343,591,591,0,0,52.9,5.5,00:13:57,0.0,0.0,0.0,0,50,0,0,0,-19
5343,592,592,0,0,52.9,5.5,00:13:58,0.0,0.0,0.0,0,50,0,0,0,-19
5343,593,593,0,0,52.9,5.5,00:13:59,0.0,0.0,0.0,0,50,0,0,0,-19
5343,594,594,0,0,52.9,5.5,00:14:00,0.0,0.0,0.0,0,50,0,0,0,-19
5343,595,595,0,0,53.0,5.5,00:14:01,0.0,0.0,0.0,0,50,0,0,0,-19
5343,596,596,0,0,53.0,5.5,00:14:02,0.0,0.0,0.0,0,50,0,0,0,-19
5343,597,597,0,0,53.0,5.5,00:14:03,0.0,0.0,0.0,0,50,0,0,0,-19
5343,598,598,0,0,53.0,5.5,00:14:04,0.0,0.0,0.0,0,50,0,0,0,-19
5343,599,599,0,0,53.0,5.5,00:14:05,0.0,0.0,0.0,0,50,0,0,0,-19
5343,600,600,0,0,53.1,5.5,00:14:06,0.0,0.0,0.0,0,50,0,0,0,-19
5343,601,601,0,0,53.1,5.5,00:14:07,0.0,0.0,0.0,0,50,0,0,0,-19
5343,602,602,0,0,53.1,5.5,00:14:08,0.0,0.0,0.0,0,50,0,0,0,-19
5343,603,603,0,0,53.1,5.5,00:14:09,0.0,0.0,0.0,0,50,0,0,0,-19
5343,604,604,0,0,53.1,5.5,00:14:10,0.0,0.0,0.0,0,50,1,0,0,-19
5343,605,605,0,0,53.2,5.5,00:14:11,0.0,0.0,0.0,0,50,1,0,0,-19
5343,606,606,0,0,53.3,5.5,00:14:12,0.0,0.0,0.0,0,51,1,0,0,-19
5343,607,607,0,0,53.2,5.5,00:14:13,0.0,0.0,0.0,0,51,1,0,0,-19
5343,608,608,0,0,53.3,5.5,00:14:14,0.0,0.0,0.0,0,51,1,0,0,-18
5343,609,609,0,0,53.3,5.5,00:14:15,0.0,0.0,0.0,0,51,1,0,0,-18
5343,610,610,0,0,53.3,5.5,00:14:16,0.0,0.0,0.0,0,51,1,0,0,-18
5343,611,611,0,0,53.3,5.5,00:14:17,0.0,0.0,0.0,0,51,1,0,0,-18
5343,612,612,0,0,53.3,5.5,00:14:18,0.0,0.0,0.0,0,51,1,0,0,-18
5343,613,613,0,0,53.4,5.5,00:14:19,0.0,0.0,0.0,0,51,1,0,0,-18
5343,614,614,0,0,53.4,5.5,00:14:20,0.0,0.0,0.0,0,51,1,0,0,-18
5343,615,615,0,0,53.4,5.5,00:14:21,0.0,0.0,0.0,0,51,1,0,0,-18
5343,616,616,0,0,53.4,5.5,00:14:22,0.0,0.0,0.0,0,51,1,0,0,-18
5343,617,617,0,0,53.5,5.5,00:14:23,0.0,0.0,0.0,0,51,1,0,0,-18
5343,618,618,0,0,53.5,5.5,00:14:24,0.0,0.0,0.0,0,51,1,0,0,-18
5343,619,619,0,0,53.5,5.5,00:14:25,0.0,0.0,0.0,0,51,1,0,0,-18
5343,620,620,0,0,53.5,5.5,00:14:26,0.0,0.0,0.0,0,51,1,0,0,-19
5343,621,621,0,0,53.5,5.5,00:14:27,0.0,0.0,0.0,0,51,1,0,0,-19
5343,622,622,0,0,53.6,5.5,00:14:28,0.0,0.0,0.0,0,51,1,0,0,-19
5343,623,623,0,0,53.6,5.5,00:14:29,0.0,0.0,0.0,0,51,1,0,0,-19
5343,624,624,0,0,53.6,5.5,00:14:30,0.0,0.0,0.0,0,51,1,0,0,-19
5343,625,625,0,0,53.7,5.5,00:14:31,0.0,0.0,0.0,0,50,1,0,0,-19
5343,626,626,0,0,53.6,5.5,00:14:32,0.0,0.0,0.0,0,50,1,0,0,-19
5343,627,627,0,0,53.7,5.5,00:14:33,0.0,0.0,0.0,0,50,1,0,0,-19
5343,628,628,0,0,53.7,5.5,00:14:34,0.0,0.0,0.0,0,50,0,0,0,-19
5343,629,629,0,0,53.7,5.5,00:14:35,0.0,0.0,0.0,0,50,0,0,0,-19
5343,630,630,0,0,53.8,5.5,00:14:36,0.0,0.0,0.0,0,50,0,0,0,-19
5343,631,631,0,0,53.8,5.5,00:14:37,0.0,0.0,0.0,0,50,0,0,0,-19
5343,632,632,0,0,53.9,5.5,00:14:38,0.0,0.0,0.0,0,50,0,0,0,-19
5343,633,633,0,0,53.8,5.5,00:14:39,0.0,0.0,0.0,0,50,0,0,0,-19
5343,634,634,0,0,53.8,5.5,00:14:40,0.0,0.0,0.0,0,50,0,0,0,-19
5343,635,635,0,0,53.9,5.5,00:14:41,0.0,0.0,0.0,0,50,0,0,0,-19
5343,636,636,0,0,53.9,5.5,00:14:42,0.0,0.0,0.0,0,50,0,0,0,-19
5343,637,637,0,0,53.9,5.5,00:14:43,0.0,0.0,0.0,0,50,0,0,0,-19
5343,638,638,0,0,54.0,5.5,00:14:44,0.0,0.0,0.0,0,50,0,0,0,-19
5343,639,639,0,0,53.9,5.5,00:14:45,0.0,0.0,0.0,0,50,0,0,0,-19
5343,640,640,0,0,54.0,5.5,00:14:46,0.0,0.0,0.0,0,50,0,0,0,-19
5343,641,641,0,0,54.0,5.5,00:14:47,0.0,0.0,0.0,0,50,0,0,0,-19
5343,642,642,0,0,54.0,5.5,00:14:48,0.0,0.0,0.0,0,51,0,0,0,-19
5343,643,643,0,0,54.1,5.5,00:14:49,0.0,0.0,0.0,0,51,0,0,0,-19
5343,644,644,0,0,54.1,5.5,00:14:49,0.0,0.0,0.0,0,52,0,0,0,-19
5343,645,645,0,0,54.0,5.5,00:14:51,0.0,0.0,0.0,0,52,0,0,0,-19
5343,646,646,0,0,54.1,5.5,00:14:51,0.0,0.0,0.0,0,56,0,0,0,-19
5343,647,647,0,0,54.2,5.5,00:14:53,0.0,0.0,0.0,0,-80,1,0,0,-29
5343,648,648,0,0,54.2,5.5,00:14:53,0.0,0.0,0.0,0,-13,0,0,0,-34
5343,649,649,0,0,54.2,5.5,00:14:54,0.0,0.0,0.0,0,-13,0,0,0,-37
5343,650,650,0,0,54.3,5.5,00:14:55,0.0,0.0,0.0,0,-89,0,0,0,-39
5343,651,651,0,0,54.2,5.5,00:14:56,0.0,0.0,0.0,0,-13,0,0,0,-41
5343,652,652,0,0,54.3,5.5,00:14:58,0.0,0.0,0.0,0,-13,0,0,0,-43
5343,653,653,0,0,54.3,5.5,00:14:58,0.0,0.0,0.0,0,-89,0,0,0,-43
5343,654,654,0,0,54.3,5.5,00:14:59,0.0,0.0,0.0,0,-89,0,0,0,-43
5343,655,655,0,0,54.3,5.5,00:15:00,0.0,0.0,0.0,0,-89,0,0,0,-43
5343,656,656,0,0,54.4,5.5,00:15:01,0.0,0.0,0.0,0,90,0,0,0,-43
5343,657,657,0,0,54.4,5.5,00:15:02,0.0,0.0,0.0,0,-13,0,0,0,-43
5343,658,658,0,0,54.4,5.5,00:15:03,0.0,0.0,0.0,0,-13,0,0,0,-43
5343,659,659,0,0,54.4,5.5,00:15:04,0.0,0.0,0.0,0,-13,0,0,0,-43
5343,660,660,0,0,54.4,5.5,00:15:05,0.0,0.0,0.0,0,-68,2,0,0,-40
5343,661,661,0,0,54.4,5.5,00:15:06,0.0,0.0,0.0,0,-80,1,0,0,-42
5343,662,662,0,0,54.4,5.5,00:15:07,0.0,0.0,0.0,0,78,0,0,0,-42
5343,663,663,0,0,54.6,5.5,00:15:08,0.0,0.0,0.0,0,-88,0,0,0,-42
5343,664,664,0,0,54.5,5.5,00:15:09,0.0,0.0,0.0,0,-89,0,0,0,-42
5343,665,665,0,0,54.5,5.5,00:15:10,0.0,0.0,0.0,0,-88,0,0,0,-42
5343,666,666,0,0,54.6,5.5,00:15:11,0.0,0.0,0.0,0,-88,0,0,0,-42
5343,667,667,0,0,54.5,5.5,00:15:12,0.0,0.0,0.0,0,-88,-7,0,0,-42
5343,668,668,0,0,54.6,5.5,00:15:13,0.0,0.0,0.0,0,-87,0,0,0,-42
5343,669,669,0,0,54.6,5.5,00:15:14,0.0,0.0,0.0,0,-86,0,0,0,-42
5343,670,670,0,0,54.6,5.5,00:15:15,0.0,0.0,0.0,0,-86,0,0,0,-42
5343,671,671,0,0,54.6,5.5,00:15:16,0.0,0.0,0.0,0,-12,0,0,0,-43
5343,672,672,0,0,54.6,5.5,00:15:17,0.0,0.0,0.0,0,-13,0,0,0,-42
5343,673,673,0,0,54.7,5.5,00:15:18,0.0,0.0,0.0,0,-12,0,0,0,-43
5343,674,674,0,0,54.7,5.5,00:15:19,0.0,0.0,0.0,0,-13,0,0,0,-43
5343,675,675,0,0,54.7,5.5,00:15:20,0.0,0.0,0.0,0,-13,0,0,0,-42
5343,676,676,0,0,54.7,5.5,00:15:21,0.0,0.0,0.0,0,-85,-7,0,0,-42
5343,677,677,0,0,54.7,5.5,00:15:22,0.0,0.0,0.0,0,-85,0,0,0,-42
5343,678,678,0,0,54.7,5.5,00:15:23,0.0,0.0,0.0,0,-85,0,0,0,-42
5343,679,679,0,0,54.7,5.5,00:15:24,0.0,0.0,0.0,0,-85,0,0,0,-42
5343,680,680,0,0,54.8,5.5,00:15:25,0.0,0.0,0.0,0,-13,0,0,0,-42
5343,681,681,0,0,54.8,5.5,00:15:26,0.0,0.0,0.0,0,-13,0,0,0,-42
5343,682,682,0,0,54.8,5.5,00:15:27,0.0,0.0,0.0,0,-13,0,0,0,-42
5343,683,683,0,0,54.8,5.5,00:15:28,0.0,0.0,0.0,0,-13,0,0,0,-42
5343,684,684,0,0,54.8,5.5,00:15:29,0.0,0.0,0.0,0,-13,0,0,0,-42
5343,685,685,0,0,54.8,5.5,00:15:30,0.0,0.0,0.0,0,-13,0,0,0,-42
5343,686,686,0,0,54.8,5.5,00:15:31,0.0,0.0,0.0,0,-13,0,0,0,-42
5343,687,687,0,0,54.9,5.5,00:15:32,0.0,0.0,0.0,0,-13,-7,0,0,-42
5343,688,688,0,0,54.9,5.5,00:15:33,0.0,0.0,0.0,0,-13,0,0,0,-42
5343,689,689,0,0,54.8,5.5,00:15:34,0.0,0.0,0.0,0,-13,0,0,0,-42
5343,690,690,0,0,54.9,5.5,00:15:35,0.0,0.0,0.0,0,-13,-7,0,0,-42
5343,691,691,0,0,54.9,5.5,00:15:36,0.0,0.0,0.0,0,-12,0,0,0,-43
5343,692,692,0,0,54.9,5.5,00:15:37,0.0,0.0,0.0,0,-12,0,0,0,-43
5343,693,693,0,0,55.0,5.5,00:15:38,0.0,0.0,0.0,0,-78,1,0,0,-41
5343,694,694,0,0,55.0,5.5,00:15:39,0.0,0.0,0.0,0,-68,7,0,0,-34
5343,695,695,0,0,54.9,5.5,00:15:40,0.0,0.0,0.0,0,-71,13,0,0,-28
5343,696,696,0,0,54.9,5.5,00:15:41,0.0,0.0,0.0,0,-69,11,0,0,-31
5343,697,697,0,0,54.9,5.5,00:15:42,0.0,0.0,0.0,0,-77,13,0,0,-37
5343,698,698,0,0,55.0,5.5,00:15:43,0.0,0.0,0.0,0,-81,15,0,0,-32
5343,699,699,0,0,55.0,5.5,00:15:44,0.0,0.0,0.0,0,-86,24,0,0,-29
5343,700,700,0,0,55.0,5.5,00:15:45,0.0,0.0,0.0,0,-89,23,0,0,-32
5343,701,701,0,0,55.0,5.5,00:15:46,0.0,0.0,0.0,0,81,20,0,0,-33
5343,702,702,0,0,55.0,5.5,00:15:47,0.0,0.0,0.0,0,64,1708,0,0,-29
5343,703,703,0,0,55.0,5.5,00:15:48,0.0,0.0,0.0,0,-21,58,0,0,15
5343,704,704,0,0,55.0,5.5,00:15:49,0.0,0.0,0.0,0,-26,56,0,0,23
5343,705,705,0,0,55.1,5.5,00:15:50,0.0,0.0,0.0,0,-30,57,0,0,23
5343,706,706,0,0,55.1,5.5,00:15:51,0.0,0.0,0.0,0,-28,58,0,0,22
5343,707,707,0,0,55.0,5.5,00:15:52,0.0,0.0,0.0,0,-25,59,0,0,21
5343,708,708,0,0,55.0,5.5,00:15:53,0.0,0.0,0.0,0,-18,69,0,0,-3
5343,709,709,0,0,55.1,5.5,00:15:54,0.0,0.0,0.0,0,-22,81,0,0,24
5343,710,710,0,0,55.0,5.5,00:15:55,0.0,0.0,0.0,0,-19,82,0,0,48
5343,711,711,0,0,55.0,5.5,00:15:56,0.0,0.0,0.0,0,-19,83,0,0,45
5343,712,712,0,0,55.1,5.5,00:15:57,0.0,0.0,0.0,0,-2,90,0,0,54
5343,713,713,0,0,55.0,5.5,00:15:58,0.0,0.0,0.0,0,1,91,0,0,58
5343,714,714,0,0,55.0,5.5,00:15:59,0.0,0.0,0.0,0,0,91,0,0,55
5343,715,715,0,0,55.0,5.5,00:16:00,0.0,0.0,0.0,0,1,98,0,0,47
5343,716,716,0,0,55.0,5.5,00:16:01,0.0,0.0,0.0,0,6,89,0,0,41
5343,717,717,0,0,55.0,5.5,00:16:01,0.0,0.0,0.0,0,6,96,0,0,42
5343,718,718,0,0,55.0,5.5,00:16:03,0.0,0.0,0.0,0,6,91,0,0,62
5343,719,719,0,0,54.9,5.5,00:16:04,0.0,0.0,0.0,0,25,115,0,0,51
5343,720,720,0,0,54.9,5.5,00:16:05,0.0,0.0,0.0,0,10,128,0,0,42
5343,721,721,0,0,54.9,5.5,00:16:06,0.0,0.0,0.0,0,20,133,0,0,32
5343,722,722,0,0,54.9,5.5,00:16:06,0.0,0.0,0.0,0,24,136,0,0,41
5343,723,723,0,0,54.9,5.5,00:16:08,0.0,0.0,0.0,0,21,137,0,0,45
5343,724,724,0,0,54.9,5.5,00:16:08,0.0,0.0,0.0,0,21,137,0,0,44
5343,725,725,0,0,54.9,5.5,00:16:10,0.0,0.0,0.0,0,20,137,0,0,45
5343,726,726,0,0,54.9,5.5,00:16:10,0.0,0.0,0.0,0,36,135,0,0,42
5343,727,727,0,0,54.7,5.5,00:16:11,0.0,0.0,0.0,0,55,138,0,0,53
5343,728,728,0,0,54.7,5.5,00:16:12,0.0,0.0,0.0,0,70,140,0,0,65
5343,729,729,0,0,54.5,5.5,00:16:13,0.0,0.0,0.0,0,67,137,0,0,71
5343,730,730,0,0,54.4,5.5,00:16:14,0.0,0.0,0.0,0,61,129,0,0,72
5343,731,731,0,0,54.4,5.5,00:16:15,0.0,0.0,0.0,0,81,103,0,0,92
5343,732,732,0,0,54.3,5.5,00:16:16,0.0,0.0,0.0,0,74,88,0,0,88
5343,733,733,0,0,54.3,5.5,00:16:17,0.0,0.0,0.0,0,63,76,0,0,100
5343,734,734,0,0,54.3,5.5,00:16:18,0.0,0.0,0.0,0,72,79,0,0,112
5343,735,735,0,0,54.2,5.5,00:16:19,0.0,0.0,0.0,0,85,81,0,0,127
5343,736,736,0,0,54.1,5.5,00:16:20,0.0,0.0,0.0,0,84,80,0,0,115
5343,737,737,0,0,54.1,5.5,00:16:21,0.0,0.0,0.0,0,70,71,0,0,123
5343,738,738,0,0,53.8,5.5,00:16:22,0.0,0.0,0.0,0,83,68,0,0,161
5343,739,739,0,0,53.8,5.5,00:16:23,0.0,0.0,0.0,0,74,73,0,0,-153
5343,740,740,0,0,53.8,5.5,00:16:24,0.0,0.0,0.0,0,54,69,0,0,-177
5343,741,741,0,0,53.7,5.5,00:16:25,0.0,0.0,0.0,0,52,68,0,0,-177
5343,742,742,0,0,53.7,5.5,00:16:26,0.0,0.0,0.0,0,32,79,0,0,148
5343,743,743,0,0,53.7,5.5,00:16:27,0.0,0.0,0.0,0,18,75,0,0,145
5343,744,744,0,0,53.8,5.5,00:16:28,0.0,0.0,0.0,0,7,70,0,0,149
5343,745,745,0,0,53.8,5.5,00:16:29,0.0,0.0,0.0,0,35,66,0,0,178
5343,746,746,0,0,53.8,5.5,00:16:30,0.0,0.0,0.0,0,45,1759,0,0,-172
5343,747,747,0,0,53.7,5.5,00:16:31,0.0,0.0,0.0,0,40,65,0,0,150
5343,748,748,0,0,53.7,5.5,00:16:32,0.0,0.0,0.0,0,29,69,0,0,113
5343,749,749,0,0,53.8,5.5,00:16:33,0.0,0.0,0.0,0,28,70,0,0,108
5343,750,750,0,0,53.7,5.5,00:16:34,0.0,0.0,0.0,0,50,62,0,0,131
5343,751,751,0,0,53.7,5.5,00:16:35,0.0,0.0,0.0,0,70,77,0,0,173
5343,752,752,0,0,53.6,5.5,00:16:36,0.0,0.0,0.0,0,71,91,0,0,-161
5343,753,753,0,0,53.6,5.5,00:16:37,0.0,0.0,0.0,0,67,91,0,0,-170
5343,754,754,0,0,53.5,5.5,00:16:38,0.0,0.0,0.0,0,56,88,0,0,165
5343,755,755,0,0,53.4,5.5,00:16:39,0.0,0.0,0.0,0,50,84,0,0,156
5343,756,756,0,0,53.4,5.5,00:16:40,0.0,0.0,0.0,0,29,70,0,0,71
5343,757,757,0,0,53.4,5.5,00:16:41,0.0,0.0,0.0,0,34,63,0,0,55
5343,758,758,0,0,53.3,5.5,00:16:42,0.0,0.0,0.0,0,45,77,0,0,49
5343,759,759,0,0,53.3,5.5,00:16:43,0.0,0.0,0.0,0,47,73,0,0,51
5343,760,760,0,0,53.3,5.5,00:16:44,0.0,0.0,0.0,0,52,87,0,0,53
5343,761,761,0,0,53.3,5.5,00:16:45,0.0,0.0,0.0,0,51,77,0,0,21
5343,762,762,0,0,53.3,5.5,00:16:46,0.0,0.0,0.0,0,40,72,0,0,15
5343,763,763,0,0,53.1,5.5,00:16:47,0.0,0.0,0.0,0,46,66,0,0,11
5343,764,764,0,0,53.2,5.5,00:16:48,0.0,0.0,0.0,0,48,61,0,0,9
5343,765,765,0,0,53.1,5.5,00:16:49,0.0,0.0,0.0,0,51,57,0,0,-8
5343,766,766,0,0,53.1,5.5,00:16:50,0.0,0.0,0.0,0,60,45,0,0,19
5343,767,767,0,0,53.0,5.5,00:16:51,0.0,0.0,0.0,0,60,83,0,0,36
5343,768,768,0,0,53.0,5.5,00:16:52,0.0,0.0,0.0,0,60,83,0,0,37
5343,769,769,0,0,53.0,5.5,00:16:53,0.0,0.0,0.0,0,59,84,0,0,31
5343,770,770,0,0,53.0,5.5,00:16:54,0.0,0.0,0.0,0,60,84,0,0,34
5343,771,771,0,0,52.9,5.5,00:16:55,0.0,0.0,0.0,0,61,84,0,0,39
5343,772,772,0,0,52.9,5.5,00:16:56,0.0,0.0,0.0,0,59,85,0,0,37
5343,773,773,0,0,52.9,5.5,00:16:57,0.0,0.0,0.0,0,60,78,0,0,43
5343,774,774,0,0,52.9,5.5,00:16:58,0.0,0.0,0.0,0,58,83,0,0,42
5343,775,775,0,0,52.9,5.5,00:16:59,0.0,0.0,0.0,0,57,85,0,0,31
5343,776,776,0,0,52.8,5.5,00:17:00,0.0,0.0,0.0,0,49,87,0,0,35
5343,777,777,0,0,52.8,5.5,00:17:01,0.0,0.0,0.0,0,52,98,0,0,64
5343,778,778,0,0,52.7,5.5,00:17:02,0.0,0.0,0.0,0,55,92,0,0,59
5343,779,779,0,0,52.7,5.5,00:17:03,0.0,0.0,0.0,0,62,85,0,0,84
5343,780,780,0,0,52.7,5.5,00:17:04,0.0,0.0,0.0,0,72,84,0,0,108
5343,781,781,0,0,52.7,5.5,00:17:05,0.0,0.0,0.0,0,64,84,0,0,141
5343,782,782,0,0,52.6,5.5,00:17:06,0.0,0.0,0.0,0,54,83,0,0,155
5343,783,783,0,0,52.6,5.5,00:17:07,0.0,0.0,0.0,0,53,86,0,0,148
5343,784,784,0,0,52.5,5.5,00:17:08,0.0,0.0,0.0,0,70,98,0,0,-177
5343,785,785,0,0,52.5,5.5,00:17:09,0.0,0.0,0.0,0,70,101,0,0,173
5343,786,786,0,0,52.5,5.5,00:17:10,0.0,0.0,0.0,0,69,93,0,0,168
5343,787,787,0,0,52.4,5.5,00:17:11,0.0,0.0,0.0,0,62,91,0,0,165
5343,788,788,0,0,52.4,5.5,00:17:12,0.0,0.0,0.0,0,71,90,0,0,161
5343,789,789,0,0,52.4,5.5,00:17:13,0.0,0.0,0.0,0,73,92,0,0,155
5343,790,790,0,0,52.3,5.5,00:17:14,0.0,0.0,0.0,0,72,90,0,0,149
5343,791,791,0,0,52.4,5.5,00:17:15,0.0,0.0,0.0,0,72,90,0,0,148
5343,792,792,0,0,52.3,5.5,00:17:16,0.0,0.0,0.0,0,64,90,0,0,148
5343,793,793,0,0,52.2,5.5,00:17:17,0.0,0.0,0.0,0,72,89,0,0,147
5343,794,794,0,0,52.2,5.5,00:17:18,0.0,0.0,0.0,0,72,90,0,0,148
5343,795,795,0,0,52.2,5.5,00:17:19,0.0,0.0,0.0,0,72,89,0,0,147
5343,796,796,0,0,52.1,5.5,00:17:20,0.0,0.0,0.0,0,73,90,0,0,147
5343,797,797,0,0,52.1,5.5,00:17:20,0.0,0.0,0.0,0,74,96,0,0,153
5343,798,798,0,0,52.1,5.5,00:17:22,0.0,0.0,0.0,0,70,74,0,0,147
5343,799,799,0,0,52.1,5.5,00:17:23,0.0,0.0,0.0,0,63,75,0,0,143
5343,800,800,0,0,52.1,5.5,00:17:23,0.0,0.0,0.0,0,60,74,0,0,143
5343,801,801,0,0,52.0,5.5,00:17:25,0.0,0.0,0.0,0,76,69,0,0,138
5343,802,802,0,0,52.0,5.5,00:17:25,0.0,0.0,0.0,0,80,71,0,0,137
5343,803,803,0,0,52.0,5.5,00:17:27,0.0,0.0,0.0,0,77,1756,0,0,127
5343,804,804,0,0,52.0,5.5,00:17:27,0.0,0.0,0.0,0,82,69,0,0,144
5343,805,805,0,0,51.9,5.5,00:17:29,0.0,0.0,0.0,0,81,67,0,0,135
5343,806,806,0,0,51.9,5.5,00:17:29,0.0,0.0,0.0,0,74,69,0,0,118
5343,807,807,0,0,51.8,5.5,00:17:30,0.0,0.0,0.0,0,80,73,0,0,131
5343,808,808,0,0,51.8,5.5,00:17:31,0.0,0.0,0.0,0,80,73,0,0,132
5343,809,809,0,0,51.8,5.5,00:17:32,0.0,0.0,0.0,0,67,72,0,0,119
5343,810,810,0,0,51.7,5.5,00:17:33,0.0,0.0,0.0,0,70,73,0,0,121
5343,811,811,0,0,51.7,5.5,00:17:34,0.0,0.0,0.0,0,71,71,0,0,119
5343,812,812,0,0,51.7,5.5,00:17:35,0.0,0.0,0.0,0,70,69,0,0,119
5343,813,813,0,0,51.7,5.5,00:17:36,0.0,0.0,0.0,0,70,68,0,0,118
5343,814,814,0,0,51.7,5.5,00:17:37,0.0,0.0,0.0,0,70,69,0,0,119
5343,815,815,0,0,51.7,5.5,00:17:38,0.0,0.0,0.0,0,69,68,0,0,120
5343,816,816,0,0,51.7,5.5,00:17:39,0.0,0.0,0.0,0,70,69,0,0,121
5343,817,817,0,0,51.6,5.5,00:17:40,0.0,0.0,0.0,0,71,68,0,0,119
5343,818,818,0,0,51.6,5.5,00:17:41,0.0,0.0,0.0,0,72,76,0,0,125
5343,819,819,0,0,51.6,5.5,00:17:42,0.0,0.0,0.0,0,74,80,0,0,124
5343,820,820,0,0,51.5,5.5,00:17:43,0.0,0.0,0.0,0,74,76,0,0,122
5343,821,821,0,0,51.5,5.5,00:17:44,0.0,0.0,0.0,0,62,85,0,0,50
5343,822,822,0,0,51.4,5.5,00:17:45,0.0,0.0,0.0,0,73,86,0,0,167
5343,823,823,0,0,51.4,5.5,00:17:46,0.0,0.0,0.0,0,58,86,0,0,89
5343,824,824,0,0,51.3,5.5,00:17:47,0.0,0.0,0.0,0,52,84,0,0,113
5343,825,825,0,0,51.3,5.5,00:17:48,0.0,0.0,0.0,0,60,87,0,0,55
5343,826,826,0,0,51.4,5.5,00:17:49,0.0,0.0,0.0,0,77,86,0,0,171
5343,827,827,0,0,51.3,5.5,00:17:50,0.0,0.0,0.0,0,89,85,0,0,142
5343,828,828,0,0,51.3,5.5,00:17:51,0.0,0.0,0.0,0,-88,87,0,0,151
5343,829,829,0,0,51.3,5.5,00:17:52,0.0,0.0,0.0,0,90,84,0,0,146
5343,830,830,0,0,51.2,5.5,00:17:53,0.0,0.0,0.0,0,-85,74,0,0,139
5343,831,831,0,0,51.2,5.5,00:17:54,0.0,0.0,0.0,0,-89,79,0,0,139
5343,832,832,0,0,51.2,5.5,00:17:55,0.0,0.0,0.0,0,-89,79,0,0,140
5343,833,833,0,0,51.2,5.5,00:17:56,0.0,0.0,0.0,0,89,76,0,0,137
5343,834,834,0,0,51.2,5.5,00:17:57,0.0,0.0,0.0,0,88,75,0,0,138
5343,835,835,0,0,51.1,5.5,00:17:58,0.0,0.0,0.0,0,88,74,0,0,140
5343,836,836,0,0,51.0,5.5,00:17:59,0.0,0.0,0.0,0,89,74,0,0,140
5343,837,837,0,0,51.0,5.5,00:18:00,0.0,0.0,0.0,0,87,74,0,0,139
5343,838,838,0,0,51.0,5.5,00:18:01,0.0,0.0,0.0,0,88,74,0,0,140
5343,839,839,0,0,51.0,5.5,00:18:02,0.0,0.0,0.0,0,80,71,0,0,131
5343,840,840,0,0,51.0,5.5,00:18:03,0.0,0.0,0.0,0,83,90,0,0,-148
5343,841,841,0,0,51.0,5.5,00:18:04,0.0,0.0,0.0,0,-30,155,0,0,-38
5343,842,842,0,0,51.1,5.5,00:18:05,0.0,0.0,0.0,0,42,147,0,0,-3
5343,843,843,0,0,51.0,5.5,00:18:06,0.0,0.0,0.0,0,73,94,0,0,-171
5343,844,844,0,0,51.1,5.5,00:18:07,0.0,0.0,0.0,0,47,73,0,0,150
5343,845,845,0,0,51.1,5.5,00:18:08,0.0,0.0,0.0,0,-5,75,0,0,84
5343,846,846,0,0,51.1,5.5,00:18:09,0.0,0.0,0.0,0,47,25,0,0,100
5343,847,847,0,0,51.1,5.5,00:18:10,0.0,0.0,0.0,0,73,101,0,0,-164
5343,848,848,0,0,51.0,5.5,00:18:11,0.0,0.0,0.0,0,67,111,0,0,-151
5343,849,849,0,0,50.9,5.5,00:18:12,0.0,0.0,0.0,0,67,110,0,0,-153
5343,850,850,0,0,50.9,5.5,00:18:13,0.0,0.0,0.0,0,78,107,0,0,-161
5343,851,851,0,0,50.8,5.5,00:18:14,0.0,0.0,0.0,0,78,106,0,0,-165
5343,852,852,0,0,50.7,5.5,00:18:15,0.0,0.0,0.0,0,74,108,0,0,-178
5343,853,853,0,0,50.8,5.5,00:18:16,0.0,0.0,0.0,0,86,101,0,0,171
5343,854,854,0,0,50.8,5.5,00:18:17,0.0,0.0,0.0,0,84,96,0,0,166
5343,855,855,0,0,50.7,5.5,00:18:18,0.0,0.0,0.0,0,81,92,0,0,163
5343,856,856,0,0,50.7,5.5,00:18:19,0.0,0.0,0.0,0,81,90,0,0,162
5343,857,857,0,0,50.7,5.5,00:18:20,0.0,0.0,0.0,0,81,90,0,0,162
5343,858,858,0,0,50.7,5.5,00:18:21,0.0,0.0,0.0,0,80,92,0,0,163
5343,859,859,0,0,50.6,5.5,00:18:22,0.0,0.0,0.0,0,79,92,0,0,164
5343,860,860,0,0,50.6,5.5,00:18:23,0.0,0.0,0.0,0,78,92,0,0,164
5343,861,861,0,0,50.5,5.5,00:18:24,0.0,0.0,0.0,0,78,92,0,0,164
5343,862,862,0,0,50.5,5.5,00:18:25,0.0,0.0,0.0,0,79,84,0,0,165
5343,863,863,0,0,50.5,5.5,00:18:26,0.0,0.0,0.0,0,64,86,0,0,154
5343,864,864,0,0,50.4,5.5,00:18:27,0.0,0.0,0.0,0,64,83,0,0,148
5343,865,865,0,0,50.4,5.5,00:18:28,0.0,0.0,0.0,0,-61,84,0,0,170
5343,866,866,0,0,50.4,5.5,00:18:29,0.0,0.0,0.0,0,-56,94,0,0,174
5343,867,867,0,0,50.5,5.5,00:18:30,0.0,0.0,0.0,0,-46,98,0,0,-40
5343,868,868,0,0,50.4,5.5,00:18:31,0.0,0.0,0.0,0,-17,94,0,0,-45
5343,869,869,0,0,50.5,5.5,00:18:32,0.0,0.0,0.0,0,-9,96,0,0,-40
5343,870,870,0,0,50.5,5.5,00:18:33,0.0,0.0,0.0,0,-4,97,0,0,-37
5343,871,871,0,0,50.5,5.5,00:18:34,0.0,0.0,0.0,0,-29,98,0,0,-35
5343,872,872,0,0,50.5,5.5,00:18:35,0.0,0.0,0.0,0,-42,97,0,0,-34
5343,873,873,0,0,50.5,5.5,00:18:36,0.0,0.0,0.0,0,-48,99,0,0,-37
5343,874,874,0,0,50.4,5.5,00:18:37,0.0,0.0,0.0,0,-51,99,0,0,-178
5343,875,875,0,0,50.3,5.5,00:18:38,0.0,0.0,0.0,0,87,1758,0,0,151
5343,876,876,0,0,50.3,5.5,00:18:39,0.0,0.0,0.0,0,90,75,0,0,134
5343,877,877,0,0,50.3,5.5,00:18:40,0.0,0.0,0.0,0,88,71,0,0,128
5343,878,878,0,0,50.3,5.5,00:18:41,0.0,0.0,0.0,0,88,73,0,0,128
5343,879,879,0,0,50.3,5.5,00:18:42,0.0,0.0,0.0,0,88,72,0,0,127
5343,880,880,0,0,50.3,5.5,00:18:43,0.0,0.0,0.0,0,88,73,0,0,128
5343,881,881,0,0,50.3,5.5,00:18:43,0.0,0.0,0.0,0,89,73,0,0,128
5343,882,882,0,0,50.2,5.5,00:18:45,0.0,0.0,0.0,0,90,74,0,0,129
5343,883,883,0,0,50.2,5.5,00:18:45,0.0,0.0,0.0,0,88,72,0,0,128
5343,884,884,0,0,50.2,5.5,00:18:46,0.0,0.0,0.0,0,88,73,0,0,130
5343,885,885,0,0,50.1,5.5,00:18:47,0.0,0.0,0.0,0,87,76,0,0,132
5343,886,886,0,0,50.1,5.5,00:18:48,0.0,0.0,0.0,0,87,74,0,0,132
5343,887,887,0,0,50.1,5.5,00:18:49,0.0,0.0,0.0,0,22,33,0,0,68
5343,888,888,0,0,50.1,5.5,00:18:50,0.0,0.0,0.0,0,76,97,0,0,167
5343,889,889,0,0,50.0,5.5,00:18:51,0.0,0.0,0.0,0,70,47,0,0,108
5343,890,890,0,0,50.0,5.5,00:18:52,0.0,0.0,0.0,0,14,21,0,0,72
5343,891,891,0,0,50.0,5.5,00:18:53,0.0,0.0,0.0,0,63,59,0,0,122
5343,892,892,0,0,50.0,5.5,00:18:54,0.0,0.0,0.0,0,56,60,0,0,97
5343,893,893,0,0,50.0,5.5,00:18:55,0.0,0.0,0.0,0,68,64,0,0,120
5343,894,894,0,0,49.9,5.5,00:18:56,0.0,0.0,0.0,0,67,62,0,0,123
5343,895,895,0,0,50.0,5.5,00:18:57,0.0,0.0,0.0,0,73,65,0,0,126
5343,896,896,0,0,49.9,5.5,00:18:58,0.0,0.0,0.0,0,70,64,0,0,135
5343,897,897,0,0,49.9,5.5,00:18:59,0.0,0.0,0.0,0,71,65,0,0,135
5343,898,898,0,0,49.9,5.5,00:19:00,0.0,0.0,0.0,0,72,65,0,0,132
5343,899,899,0,0,49.9,5.5,00:19:01,0.0,0.0,0.0,0,72,64,0,0,137
5343,900,900,0,0,49.9,5.5,00:19:02,0.0,0.0,0.0,0,71,63,0,0,144
5343,901,901,0,0,49.9,5.5,00:19:03,0.0,0.0,0.0,0,71,63,0,0,148
5343,902,902,0,0,49.8,5.5,00:19:04,0.0,0.0,0.0,0,71,63,0,0,146
5343,903,903,0,0,49.7,5.5,00:19:05,0.0,0.0,0.0,0,71,63,0,0,141
5343,904,904,0,0,49.8,5.5,00:19:06,0.0,0.0,0.0,0,71,62,0,0,136
5343,905,905,0,0,49.8,5.5,00:19:07,0.0,0.0,0.0,0,71,62,0,0,134
5343,906,906,0,0,49.7,5.5,00:19:08,0.0,0.0,0.0,0,70,61,0,0,136
5343,907,907,0,0,49.7,5.5,00:19:09,0.0,0.0,0.0,0,71,62,0,0,141
5343,908,908,0,0,49.7,5.5,00:19:10,0.0,0.0,0.0,0,74,65,0,0,150
5343,909,909,0,0,49.7,5.5,00:19:11,0.0,0.0,0.0,0,77,69,0,0,154
5343,910,910,0,0,49.6,5.5,00:19:12,0.0,0.0,0.0,0,77,1756,0,0,149
5343,911,911,0,0,49.6,5.5,00:19:13,0.0,0.0,0.0,0,77,68,0,0,145
5343,912,912,0,0,49.6,5.5,00:19:14,0.0,0.0,0.0,0,76,68,0,0,147
5343,913,913,0,0,49.6,5.5,00:19:15,0.0,0.0,0.0,0,76,68,0,0,143
5343,914,914,0,0,49.6,5.6,00:19:16,0.0,0.0,0.0,0,77,68,0,0,143
5343,915,915,0,0,49.5,5.5,00:19:17,0.0,0.0,0.0,0,77,68,0,0,148
5343,916,916,0,0,49.5,5.5,00:19:18,0.0,0.0,0.0,0,76,68,0,0,151
5343,917,917,0,0,49.5,5.5,00:19:19,0.0,0.0,0.0,0,77,76,0,0,161
5343,918,918,0,0,49.5,5.5,00:19:20,0.0,0.0,0.0,0,82,93,0,0,172
5343,919,919,0,0,49.4,5.5,00:19:21,0.0,0.0,0.0,0,83,87,0,0,164
5343,920,920,0,0,49.4,5.5,00:19:22,0.0,0.0,0.0,0,87,93,0,0,165
5343,921,921,0,0,49.3,5.5,00:19:23,0.0,0.0,0.0,0,86,93,0,0,156
5343,922,922,0,0,49.3,5.5,00:19:24,0.0,0.0,0.0,0,88,92,0,0,154
5343,923,923,0,0,49.3,5.5,00:19:25,0.0,0.0,0.0,0,89,93,0,0,162
5343,924,924,0,0,49.2,5.5,00:19:26,0.0,0.0,0.0,0,89,91,0,0,166
5343,925,925,0,0,49.3,5.5,00:19:27,0.0,0.0,0.0,0,89,91,0,0,169
5343,926,926,0,0,49.2,5.5,00:19:28,0.0,0.0,0.0,0,90,92,0,0,167
5343,927,927,0,0,49.2,5.5,00:19:29,0.0,0.0,0.0,0,81,90,0,0,159
5343,928,928,0,0,49.3,5.5,00:19:30,0.0,0.0,0.0,0,81,80,0,0,146
5343,929,929,0,0,49.2,5.5,00:19:31,0.0,0.0,0.0,0,79,75,0,0,142
5343,930,930,0,0,49.2,5.5,00:19:32,0.0,0.0,0.0,0,79,75,0,0,140
5343,931,931,0,0,49.2,5.5,00:19:33,0.0,0.0,0.0,0,81,79,0,0,152
5343,932,932,0,0,49.2,5.5,00:19:34,0.0,0.0,0.0,0,78,74,0,0,154
5343,933,933,0,0,49.2,5.5,00:19:35,0.0,0.0,0.0,0,81,79,0,0,158
5343,934,934,0,0,49.1,5.5,00:19:36,0.0,0.0,0.0,0,82,80,0,0,158
5343,935,935,0,0,49.1,5.5,00:19:37,0.0,0.0,0.0,0,82,78,0,0,157
5343,936,936,0,0,49.1,5.5,00:19:38,0.0,0.0,0.0,0,82,78,0,0,158
5343,937,937,0,0,49.1,5.5,00:19:39,0.0,0.0,0.0,0,83,76,0,0,156
5343,938,938,0,0,48.9,5.5,00:19:40,0.0,0.0,0.0,0,81,77,0,0,157
5343,939,939,0,0,49.0,5.5,00:19:41,0.0,0.0,0.0,0,84,79,0,0,159
5343,940,940,0,0,49.0,5.5,00:19:42,0.0,0.0,0.0,0,83,79,0,0,158
5343,941,941,0,0,48.9,5.5,00:19:43,0.0,0.0,0.0,0,78,85,0,0,163
5343,942,942,0,0,48.9,5.5,00:19:44,0.0,0.0,0.0,0,78,77,0,0,156
5343,943,943,0,0,48.9,5.5,00:19:45,0.0,0.0,0.0,0,83,86,0,0,163
5343,944,944,0,0,48.9,5.5,00:19:46,0.0,0.0,0.0,0,84,82,0,0,160
5343,945,945,0,0,48.8,5.5,00:19:47,0.0,0.0,0.0,0,87,83,0,0,160
5343,946,946,0,0,48.8,5.5,00:19:48,0.0,0.0,0.0,0,86,84,0,0,161
5343,947,947,0,0,48.8,5.5,00:19:49,0.0,0.0,0.0,0,85,83,0,0,167
5343,948,948,0,0,48.7,5.5,00:19:50,0.0,0.0,0.0,0,85,83,0,0,174
5343,949,949,0,0,48.7,5.5,00:19:51,0.0,0.0,0.0,0,79,74,0,0,169
5343,950,950,0,0,48.8,5.5,00:19:52,0.0,0.0,0.0,0,84,81,0,0,177
5343,951,951,0,0,48.8,5.5,00:19:53,0.0,0.0,0.0,0,86,84,0,0,180
5343,952,952,0,0,48.7,5.5,00:19:54,0.0,0.0,0.0,0,86,88,0,0,-179
5343,953,953,0,0,48.7,5.5,00:19:55,0.0,0.0,0.0,0,84,83,0,0,177
5343,954,954,0,0,48.6,5.5,00:19:56,0.0,0.0,0.0,0,84,83,0,0,177
5343,955,955,0,0,48.6,5.5,00:19:57,0.0,0.0,0.0,0,84,83,0,0,177
5343,956,956,0,0,48.6,5.5,00:19:58,0.0,0.0,0.0,0,86,84,0,0,178
5343,957,957,0,0,48.6,5.5,00:19:58,0.0,0.0,0.0,0,84,95,0,0,-174
5343,958,958,0,0,48.6,5.5,00:20:00,0.0,0.0,0.0,0,82,83,0,0,176
5343,959,959,0,0,48.5,5.5,00:20:00,0.0,0.0,0.0,0,82,82,0,0,176
5343,960,960,0,0,48.5,5.5,00:20:01,0.0,0.0,0.0,0,84,83,0,0,177
5343,961,961,0,0,48.5,5.5,00:20:02,0.0,0.0,0.0,0,83,84,0,0,177
5343,962,962,0,0,48.4,5.5,00:20:03,0.0,0.0,0.0,0,83,83,0,0,176
5343,963,963,0,0,48.5,5.6,00:20:05,0.0,0.0,0.0,0,85,84,0,0,177
5343,964,964,0,0,48.4,5.5,00:20:05,0.0,0.0,0.0,0,85,82,0,0,175
5343,965,965,0,0,48.4,5.5,00:20:06,0.0,0.0,0.0,0,85,81,0,0,174
5343,966,966,0,0,48.3,5.5,00:20:07,0.0,0.0,0.0,0,86,79,0,0,171
5343,967,967,0,0,48.3,5.5,00:20:08,0.0,0.0,0.0,0,88,80,0,0,172
5343,968,968,0,0,48.4,5.5,00:20:09,0.0,0.0,0.0,0,-87,92,0,0,-178
5343,969,969,0,0,48.3,5.5,00:20:10,0.0,0.0,0.0,0,84,81,0,0,174
5343,970,970,0,0,48.3,5.5,00:20:11,0.0,0.0,0.0,0,84,81,0,0,173
5343,971,971,0,0,48.3,5.6,00:20:12,0.0,0.0,0.0,0,84,81,0,0,173
5343,972,972,0,0,48.2,5.5,00:20:13,0.0,0.0,0.0,0,84,81,0,0,173
5343,973,973,0,0,48.3,5.5,00:20:14,0.0,0.0,0.0,0,84,81,0,0,173
5343,974,974,0,0,48.3,5.5,00:20:15,0.0,0.0,0.0,0,84,81,0,0,173
5343,975,975,0,0,48.2,5.5,00:20:16,0.0,0.0,0.0,0,84,81,0,0,173
5343,976,976,0,0,48.1,5.5,00:20:17,0.0,0.0,0.0,0,85,80,0,0,173
5343,977,977,0,0,48.1,5.6,00:20:18,0.0,0.0,0.0,0,85,81,0,0,174
5343,978,978,0,0,48.1,5.5,00:20:19,0.0,0.0,0.0,0,83,82,0,0,174
5343,979,979,0,0,48.1,5.5,00:20:20,0.0,0.0,0.0,0,86,79,0,0,172
5343,980,980,0,0,48.1,5.5,00:20:21,0.0,0.0,0.0,0,84,80,0,0,166
5343,981,981,0,0,48.1,5.5,00:20:22,0.0,0.0,0.0,0,73,77,0,0,160
5343,982,982,0,0,48.0,5.6,00:20:23,0.0,0.0,0.0,0,47,78,0,0,147
5343,983,983,0,0,48.0,5.5,00:20:24,0.0,0.0,0.0,0,58,94,0,0,179
5343,984,984,0,0,47.8,5.5,00:20:25,0.0,0.0,0.0,0,58,99,0,0,-173
5343,985,985,0,0,47.8,5.5,00:20:26,0.0,0.0,0.0,0,68,98,0,0,-158
5343,986,986,0,0,47.9,5.5,00:20:27,0.0,0.0,0.0,0,65,86,0,0,145
5343,987,987,0,0,47.8,5.5,00:20:28,0.0,0.0,0.0,0,76,100,0,0,-168
5343,988,988,0,0,47.9,5.6,00:20:29,0.0,0.0,0.0,0,72,97,0,0,-164
5343,989,989,0,0,47.9,5.5,00:20:30,0.0,0.0,0.0,0,71,92,0,0,-176
5343,990,990,0,0,48.0,5.5,00:20:31,0.0,0.0,0.0,0,75,93,0,0,176
5343,991,991,0,0,48.0,5.5,00:20:32,0.0,0.0,0.0,0,77,94,0,0,-175
5343,992,992,0,0,47.9,5.5,00:20:33,0.0,0.0,0.0,0,72,92,0,0,178
5343,993,993,0,0,47.9,5.5,00:20:34,0.0,0.0,0.0,0,69,81,0,0,149
5343,994,994,0,0,47.9,5.6,00:20:35,0.0,0.0,0.0,0,78,86,0,0,161
5343,995,995,0,0,47.8,5.5,00:20:36,0.0,0.0,0.0,0,82,92,0,0,168
5343,996,996,0,0,47.9,5.5,00:20:37,0.0,0.0,0.0,0,85,93,0,0,171
5343,997,997,0,0,47.9,5.5,00:20:38,0.0,0.0,0.0,0,80,91,0,0,172
5343,998,998,0,0,47.8,5.5,00:20:39,0.0,0.0,0.0,0,74,87,0,0,176
5343,999,999,0,0,47.8,5.6,00:20:40,0.0,0.0,0.0,0,75,90,0,0,180
5343,1000,1000,0,0,47.8,5.5,00:20:41,0.0,0.0,0.0,0,76,91,0,0,180
5343,1001,1001,0,0,47.9,5.5,00:20:42,0.0,0.0,0.0,0,77,84,0,0,179
5343,1002,1002,0,0,47.8,5.5,00:20:43,0.0,0.0,0.0,0,77,92,0,0,179
5343,1003,1003,0,0,47.9,5.5,00:20:44,0.0,0.0,0.0,0,77,91,0,0,176
5343,1004,1004,0,0,47.8,5.5,00:20:45,0.0,0.0,0.0,0,76,91,0,0,176
5343,1005,1005,0,0,47.9,5.5,00:20:46,0.0,0.0,0.0,0,76,90,0,0,177
5343,1006,1006,0,0,47.7,5.5,00:20:47,0.0,0.0,0.0,0,75,90,0,0,173
5343,1007,1007,0,0,47.8,5.5,00:20:48,0.0,0.0,0.0,0,62,91,0,0,-178
5343,1008,1008,0,0,47.7,5.5,00:20:49,0.0,0.0,0.0,0,86,82,0,0,165
5343,1009,1009,0,0,47.6,5.5,00:20:50,0.0,0.0,0.0,0,-70,1725,0,0,95
5343,1010,1010,0,0,47.6,5.5,00:20:51,0.0,0.0,0.0,0,-83,47,0,0,62
5343,1011,1011,0,0,47.6,5.6,00:20:52,0.0,0.0,0.0,0,-83,46,0,0,68
5343,1012,1012,0,0,47.5,5.6,00:20:53,0.0,0.0,0.0,0,-84,1727,0,0,109
5343,1013,1013,0,0,47.4,5.6,00:20:54,0.0,0.0,0.0,0,-78,40,0,0,-171
5343,1014,1014,0,0,47.4,5.6,00:20:55,0.0,0.0,0.0,0,32,48,0,0,-95
5343,1015,1015,0,0,47.3,5.6,00:20:56,0.0,0.0,0.0,0,55,58,0,0,-87
5343,1016,1016,0,0,47.1,5.6,00:20:57,0.0,0.0,0.0,0,69,68,0,0,-85
5343,1017,1017,0,0,47.1,5.5,00:20:58,0.0,0.0,0.0,0,79,61,0,0,-83
5343,1018,1018,0,0,47.2,5.5,00:20:59,0.0,0.0,0.0,0,88,73,0,0,-65
5343,1019,1019,0,0,47.2,5.5,00:21:00,0.0,0.0,0.0,0,89,69,0,0,-75
5343,1020,1020,0,0,47.4,5.5,00:21:01,0.0,0.0,0.0,0,88,68,0,0,-78
5343,1021,1021,0,0,47.3,5.5,00:21:02,0.0,0.0,0.0,0,88,70,0,0,-75
5343,1022,1022,0,0,47.3,5.6,00:21:03,0.0,0.0,0.0,0,89,70,0,0,-74
5343,1023,1023,0,0,47.4,5.6,00:21:03,0.0,0.0,0.0,0,90,71,0,0,-70
5343,1024,1024,0,0,47.4,5.5,00:21:05,0.0,0.0,0.0,0,90,70,0,0,-71
5343,1025,1025,0,0,47.3,5.5,00:21:06,0.0,0.0,0.0,0,-88,70,0,0,-74
5343,1026,1026,0,0,47.4,5.6,00:21:07,0.0,0.0,0.0,0,89,69,0,0,-74
5343,1027,1027,0,0,47.3,5.5,00:21:08,0.0,0.0,0.0,0,-88,69,0,0,-73
5343,1028,1028,0,0,47.3,5.6,00:21:09,0.0,0.0,0.0,0,-89,66,0,0,-78
5343,1029,1029,0,0,47.3,5.5,00:21:10,0.0,0.0,0.0,0,-87,58,0,0,-72
5343,1030,1030,0,0,47.3,5.5,00:21:10,0.0,0.0,0.0,0,-85,61,0,0,-41
5343,1031,1031,0,0,47.3,5.6,00:21:12,0.0,0.0,0.0,0,84,49,0,0,-61
5343,1032,1032,0,0,47.2,5.6,00:21:12,0.0,0.0,0.0,0,80,45,0,0,-143
5343,1033,1033,0,0,47.2,5.5,00:21:14,0.0,0.0,0.0,0,-74,39,0,0,61
5343,1034,1034,0,0,46.9,5.6,00:21:14,0.0,0.0,0.0,0,-79,36,0,0,15
5343,1035,1035,0,0,47.0,5.5,00:21:15,0.0,0.0,0.0,0,-73,39,0,0,12
5343,1036,1036,0,0,46.9,5.6,00:21:16,0.0,0.0,0.0,0,-79,34,0,0,10
5343,1037,1037,0,0,46.9,5.6,00:21:17,0.0,0.0,0.0,0,-76,45,0,0,146
5343,1038,1038,0,0,46.8,5.6,00:21:18,0.0,0.0,0.0,0,-74,1724,0,0,-164
5343,1039,1039,0,0,46.7,5.5,00:21:19,0.0,0.0,0.0,0,-74,34,0,0,-165
5343,1040,1040,0,0,46.5,5.6,00:21:20,0.0,0.0,0.0,0,-85,34,0,0,-124
5343,1041,1041,0,0,46.4,5.5,00:21:21,0.0,0.0,0.0,0,-78,31,0,0,-121
5343,1042,1042,0,0,46.5,5.6,00:21:22,0.0,0.0,0.0,0,-81,31,0,0,-121
5343,1043,1043,0,0,46.5,5.6,00:21:23,0.0,0.0,0.0,0,-71,40,0,0,-89
5343,1044,1044,0,0,46.5,5.6,00:21:24,0.0,0.0,0.0,0,-65,37,0,0,-111
5343,1045,1045,0,0,46.6,5.5,00:21:25,0.0,0.0,0.0,0,-71,36,0,0,-126
5343,1046,1046,0,0,46.7,5.6,00:21:26,0.0,0.0,0.0,0,-65,34,0,0,-135
5343,1047,1047,0,0,46.7,5.6,00:21:27,0.0,0.0,0.0,0,-67,38,0,0,-136
5343,1048,1048,0,0,46.8,5.5,00:21:28,0.0,0.0,0.0,0,-66,37,0,0,-139
5343,1049,1049,0,0,46.7,5.5,00:21:29,0.0,0.0,0.0,0,-59,37,0,0,-137
5343,1050,1050,0,0,46.8,5.6,00:21:30,0.0,0.0,0.0,0,-62,35,0,0,-130
5343,1051,1051,0,0,46.8,5.6,00:21:31,0.0,0.0,0.0,0,-61,39,0,0,-130
5343,1052,1052,0,0,46.8,5.6,00:21:32,0.0,0.0,0.0,0,-60,41,0,0,-129
5343,1053,1053,0,0,46.8,5.5,00:21:33,0.0,0.0,0.0,0,-59,42,0,0,-122
5343,1054,1054,0,0,46.8,5.6,00:21:34,0.0,0.0,0.0,0,-62,40,0,0,-130
5343,1055,1055,0,0,46.9,5.6,00:21:35,0.0,0.0,0.0,0,-88,45,0,0,-116
5343,1056,1056,0,0,46.8,5.5,00:21:36,0.0,0.0,0.0,0,23,54,0,0,-114
5343,1057,1057,0,0,46.8,5.5,00:21:37,0.0,0.0,0.0,0,40,67,0,0,-66
5343,1058,1058,0,0,46.8,5.5,00:21:38,0.0,0.0,0.0,0,47,67,0,0,-52
5343,1059,1059,0,0,46.8,5.6,00:21:39,0.0,0.0,0.0,0,58,85,0,0,-25
5343,1060,1060,0,0,46.8,5.5,00:21:40,0.0,0.0,0.0,0,57,85,0,0,-27
5343,1061,1061,0,0,46.9,5.5,00:21:41,0.0,0.0,0.0,0,67,73,0,0,2
5343,1062,1062,0,0,46.8,5.6,00:21:42,0.0,0.0,0.0,0,73,62,0,0,56
5343,1063,1063,0,0,46.7,5.6,00:21:43,0.0,0.0,0.0,0,89,71,0,0,81
5343,1064,1064,0,0,46.5,5.6,00:21:44,0.0,0.0,0.0,0,90,73,0,0,64
5343,1065,1065,0,0,46.2,5.5,00:21:45,0.0,0.0,0.0,0,88,73,0,0,36
5343,1066,1066,0,0,45.8,5.5,00:21:46,0.0,0.0,0.0,0,88,68,0,0,28
5343,1067,1067,0,0,45.6,5.6,00:21:47,0.0,0.0,0.0,0,80,63,0,0,28
5343,1068,1068,0,0,45.5,5.5,00:21:48,0.0,0.0,0.0,0,62,52,0,0,-10
