Team ID,Mission Time,Packet Count,Altitude,Pressure,Temperature,Voltage,GPS Time,GPS Latitude,GPS Longitude,GPS Altitude,GPS Sats,Pitch,Roll,Blade Spin Rate,Flight State,Bonus Direction
5343,858,895,0,101325,15,0,00:13:38,0.0,0.0,0.0,0,0,0,0,0,0
5343,859,896,0,101325,15,0,00:13:39,0.0,0.0,0.0,0,0,0,0,0,0
5343,860,897,0,101325,15,0,00:13:40,0.0,0.0,0.0,0,0,0,0,0,0
5343,861,898,0,101325,15,0,00:13:40,0.0,0.0,0.0,0,0,0,0,0,0
5343,862,899,0,101325,15,0,00:13:41,0.0,0.0,0.0,0,0,0,0,0,0
5343,863,900,0,101325,15,0,00:13:42,0.0,0.0,0.0,0,0,0,0,0,0
5343,0,2,0,101325,15,0,00:13:45,0.0,0.0,0.0,0,0,0,0,0,0
5343,1,3,0,101325,15,0,00:13:46,0.0,0.0,0.0,0,0,0,0,0,0
5343,2,4,0,101325,15,0,00:13:47,0.0,0.0,0.0,0,0,0,0,0,0
5343,3,5,0,101325,15,0,00:13:48,0.0,0.0,0.0,0,0,0,0,0,0
5343,4,6,0,101325,15,0,00:13:48,0.0,0.0,0.0,0,0,0,0,0,0
5343,5,7,0,101325,15,0,00:13:49,0.0,0.0,0.0,0,0,0,0,0,0
5343,6,8,0,101325,15,0,00:13:50,0.0,0.0,0.0,0,0,0,0,0,0
5343,7,9,0,101325,15,0,00:13:51,0.0,0.0,0.0,0,0,0,0,0,0
5343,8,10,0,101325,15,0,00:13:52,0.0,0.0,0.0,0,0,0,0,0,0
5343,9,11,0,101325,15,0,00:13:53,0.0,0.0,0.0,0,0,0,0,0,0
5343,10,12,0,101325,15,0,00:13:54,0.0,0.0,0.0,0,0,0,0,0,0
5343,11,13,0,101325,15,0,00:13:55,0.0,0.0,0.0,0,0,0,0,0,0
5343,12,14,0,101325,15,0,00:13:56,0.0,0.0,0.0,0,0,0,0,0,0
5343,13,15,0,101325,15,0,00:00:00,0.0,0.0,0.0,0,0,0,0,0,0
5343,14,16,0,101325,15,0,00:13:58,0.0,0.0,0.0,0,0,0,0,0,0
5343,15,17,0,101325,15,0,00:13:59,0.0,0.0,0.0,0,0,0,0,0,0
5343,16,18,0,101325,15,0,00:14:00,0.0,0.0,0.0,0,0,0,0,0,0
5343,17,19,0,101325,15,0,00:14:01,0.0,0.0,0.0,0,0,0,0,0,0
5343,18,21,0,101325,15,0,00:14:02,0.0,0.0,0.0,0,0,0,0,0,0
5343,19,22,0,101325,15,0,00:14:03,0.0,0.0,0.0,0,0,0,0,0,0
5343,20,23,0,101325,15,0,00:14:04,0.0,0.0,0.0,0,0,0,0,0,0
5343,21,24,0,101325,15,0,00:14:05,0.0,0.0,0.0,0,0,0,0,0,0
5343,22,25,0,101325,15,0,00:14:06,0.0,0.0,0.0,0,0,0,0,0,0
5343,23,26,0,101325,15,0,00:14:07,0.0,0.0,0.0,0,0,0,0,0,0
5343,24,27,0,101325,15,0,00:14:08,0.0,0.0,0.0,0,0,0,0,0,0
5343,25,28,0,101325,15,0,00:14:09,0.0,0.0,0.0,0,0,0,0,0,0
5343,26,29,0,101325,15,0,00:14:10,0.0,0.0,0.0,0,0,0,0,0,0
5343,27,30,0,101325,15,0,00:14:11,0.0,0.0,0.0,0,0,0,0,0,0
5343,28,31,0,101325,15,0,00:14:12,0.0,0.0,0.0,0,0,0,0,0,0
5343,29,32,0,101325,15,0,00:14:13,0.0,0.0,0.0,0,0,0,0,0,0
5343,30,33,0,101325,15,0,00:14:14,0.0,0.0,0.0,0,0,0,0,0,0
5343,31,34,0,101325,15,0,00:14:15,0.0,0.0,0.0,0,0,0,0,0,0
5343,32,35,0,101325,15,0,00:14:16,0.0,0.0,0.0,0,0,0,0,0,0
5343,33,36,0,101325,15,0,00:14:17,0.0,0.0,0.0,0,0,0,0,0,0
5343,34,37,0,101325,15,0,00:14:17,0.0,0.0,0.0,0,0,0,0,0,0
5343,35,38,0,101325,15,0,00:14:18,0.0,0.0,0.0,0,0,0,0,0,0
5343,36,39,0,101325,15,0,00:14:19,0.0,0.0,0.0,0,0,0,0,0,0
5343,37,40,0,101325,15,0,00:14:20,0.0,0.0,0.0,0,0,0,0,0,0
5343,38,41,0,101325,15,0,00:14:21,0.0,0.0,0.0,0,0,0,0,0,0
5343,39,43,0,101325,15,0,00:14:23,0.0,0.0,0.0,0,0,0,0,0,0
5343,40,44,0,101325,15,0,00:14:24,0.0,0.0,0.0,0,0,0,0,0,0
5343,41,45,0,101325,15,0,00:14:25,0.0,0.0,0.0,0,0,0,0,0,0
5343,42,46,0,101325,15,0,00:14:26,0.0,0.0,0.0,0,0,0,0,0,0
5343,43,47,0,101325,15,0,00:14:27,0.0,0.0,0.0,0,0,0,0,0,0
5343,44,48,0,101325,15,0,00:14:28,0.0,0.0,0.0,0,0,0,0,0,0
5343,45,49,0,101325,15,0,00:14:29,0.0,0.0,0.0,0,0,0,0,0,0
5343,46,50,0,101325,15,0,00:14:30,0.0,0.0,0.0,0,0,0,0,0,0
5343,47,51,0,101325,15,0,00:14:30,0.0,0.0,0.0,0,0,0,0,0,0
5343,48,52,0,101325,15,0,00:14:31,0.0,0.0,0.0,0,0,0,0,0,0
5343,49,53,0,101325,15,0,00:14:32,0.0,0.0,0.0,0,0,0,0,0,0
5343,50,54,0,101325,15,0,00:14:33,0.0,0.0,0.0,0,0,0,0,0,0
5343,51,55,0,101325,15,0,00:14:34,0.0,0.0,0.0,0,0,0,0,0,0
5343,52,56,0,101325,15,0,00:14:35,0.0,0.0,0.0,0,0,0,0,0,0
5343,53,57,0,101325,15,0,00:14:36,0.0,0.0,0.0,0,0,0,0,0,0
5343,54,58,0,101325,15,0,00:14:37,0.0,0.0,0.0,0,0,0,0,0,0
5343,55,59,0,101325,15,0,00:14:38,0.0,0.0,0.0,0,0,0,0,0,0
5343,56,60,0,101325,15,0,00:14:39,0.0,0.0,0.0,0,0,0,0,0,0
5343,57,61,0,101325,15,0,00:14:40,0.0,0.0,0.0,0,0,0,0,0,0
5343,58,62,0,101325,15,0,00:14:41,0.0,0.0,0.0,0,0,0,0,0,0
5343,59,63,0,101325,15,0,00:14:42,0.0,0.0,0.0,0,0,0,0,0,0
5343,60,64,0,101325,15,0,00:14:43,0.0,0.0,0.0,0,0,0,0,0,0
5343,61,66,0,101325,15,0,00:14:44,0.0,0.0,0.0,0,0,0,0,0,0
5343,62,67,0,101325,15,0,00:14:45,0.0,0.0,0.0,0,0,0,0,0,0
5343,63,68,0,101325,15,0,00:14:46,0.0,0.0,0.0,0,0,0,0,0,0
5343,64,69,0,101325,15,0,00:14:47,0.0,0.0,0.0,0,0,0,0,0,0
5343,65,70,0,101325,15,0,00:14:48,0.0,0.0,0.0,0,0,0,0,0,0
5343,66,71,0,101325,15,0,00:14:49,0.0,0.0,0.0,0,0,0,0,0,0
5343,67,72,0,101325,15,0,00:14:50,0.0,0.0,0.0,0,0,0,0,0,0
5343,68,73,0,101325,15,0,00:14:51,0.0,0.0,0.0,0,0,0,0,0,0
5343,69,74,0,101325,15,0,00:14:52,0.0,0.0,0.0,0,0,0,0,0,0
5343,70,75,0,101325,15,0,00:14:53,0.0,0.0,0.0,0,0,0,0,0,0
5343,71,76,0,101325,15,0,00:14:54,0.0,0.0,0.0,0,0,0,0,0,0
5343,72,77,0,101325,15,0,00:14:55,0.0,0.0,0.0,0,0,0,0,0,0
5343,73,78,0,101325,15,0,00:14:56,0.0,0.0,0.0,0,0,0,0,0,0
5343,74,79,0,101325,15,0,00:14:57,0.0,0.0,0.0,0,0,0,0,0,0
5343,75,80,0,101325,15,0,00:14:58,0.0,0.0,0.0,0,0,0,0,0,0
5343,76,81,0,101325,15,0,00:14:59,0.0,0.0,0.0,0,0,0,0,0,0
5343,77,82,0,101325,15,0,00:14:59,0.0,0.0,0.0,0,0,0,0,0,0
5343,78,83,0,101325,15,0,00:15:00,0.0,0.0,0.0,0,0,0,0,0,0
5343,79,84,0,101325,15,0,00:15:01,0.0,0.0,0.0,0,0,0,0,0,0
5343,80,85,0,101325,15,0,00:15:02,0.0,0.0,0.0,0,0,0,0,0,0
5343,81,86,0,101325,15,0,00:15:03,0.0,0.0,0.0,0,0,0,0,0,0
5343,82,87,0,101325,15,0,00:15:04,0.0,0.0,0.0,0,0,0,0,0,0
5343,83,89,0,101325,15,0,00:15:06,0.0,0.0,0.0,0,0,0,0,0,0
5343,84,90,0,101325,15,0,00:15:07,0.0,0.0,0.0,0,0,0,0,0,0
5343,85,91,0,101325,15,0,00:15:08,0.0,0.0,0.0,0,0,0,0,0,0
5343,86,92,0,101325,15,0,00:15:09,0.0,0.0,0.0,0,0,0,0,0,0
5343,87,93,0,101325,15,0,00:15:10,0.0,0.0,0.0,0,0,0,0,0,0
5343,88,94,0,101325,15,0,00:15:11,0.0,0.0,0.0,0,0,0,0,0,0
5343,89,95,0,101325,15,0,00:15:12,0.0,0.0,0.0,0,0,0,0,0,0
5343,90,96,0,101325,15,0,00:15:13,0.0,0.0,0.0,0,0,0,0,0,0
5343,91,97,0,101325,15,0,00:15:13,0.0,0.0,0.0,0,0,0,0,0,0
5343,92,98,0,101325,15,0,00:15:14,0.0,0.0,0.0,0,0,0,0,0,0
5343,93,99,0,101325,15,0,00:15:15,0.0,0.0,0.0,0,0,0,0,0,0
5343,94,100,0,101325,15,0,00:15:16,0.0,0.0,0.0,0,0,0,0,0,0
5343,95,101,0,101325,15,0,00:15:17,0.0,0.0,0.0,0,0,0,0,0,0
5343,96,102,0,101325,15,0,00:15:18,0.0,0.0,0.0,0,0,0,0,0,0
5343,97,103,0,101325,15,0,00:15:19,0.0,0.0,0.0,0,0,0,0,0,0
5343,98,104,0,101325,15,0,00:15:20,0.0,0.0,0.0,0,0,0,0,0,0
5343,99,105,0,101325,15,0,00:15:21,0.0,0.0,0.0,0,0,0,0,0,0
5343,100,106,0,101325,15,0,00:15:22,0.0,0.0,0.0,0,0,0,0,0,0
5343,101,107,0,101325,15,0,00:15:23,0.0,0.0,0.0,0,0,0,0,0,0
5343,102,108,0,101325,15,0,00:15:24,0.0,0.0,0.0,0,0,0,0,0,0
5343,103,109,0,101325,15,0,00:15:25,0.0,0.0,0.0,0,0,0,0,0,0
5343,104,110,0,101325,15,0,00:15:26,0.0,0.0,0.0,0,0,0,0,0,0
5343,105,111,0,101325,15,0,00:15:27,0.0,0.0,0.0,0,0,0,0,0,0
5343,106,113,0,101325,15,0,00:15:28,0.0,0.0,0.0,0,0,0,0,0,0
5343,107,114,0,101325,15,0,00:15:29,0.0,0.0,0.0,0,0,0,0,0,0
5343,108,115,0,101325,15,0,00:15:30,0.0,0.0,0.0,0,0,0,0,0,0
5343,109,116,0,101325,15,0,00:15:31,0.0,0.0,0.0,0,0,0,0,0,0
5343,110,117,0,101325,15,0,00:15:32,0.0,0.0,0.0,0,0,0,0,0,0
5343,111,118,0,101325,15,0,00:15:33,0.0,0.0,0.0,0,0,0,0,0,0
5343,112,119,0,101325,15,0,00:15:34,0.0,0.0,0.0,0,0,0,0,0,0
5343,113,120,0,101325,15,0,00:15:35,0.0,0.0,0.0,0,0,0,0,0,0
5343,114,121,0,101325,15,0,00:15:36,0.0,0.0,0.0,0,0,0,0,0,0
5343,115,122,0,101325,15,0,00:15:37,0.0,0.0,0.0,0,0,0,0,0,0
5343,116,123,0,101325,15,0,00:15:38,0.0,0.0,0.0,0,0,0,0,0,0
5343,117,124,0,101325,15,0,00:15:39,0.0,0.0,0.0,0,0,0,0,0,0
5343,118,125,0,101325,15,0,00:15:40,0.0,0.0,0.0,0,0,0,0,0,0
5343,119,126,0,101325,15,0,00:15:41,0.0,0.0,0.0,0,0,0,0,0,0
5343,120,127,0,101325,15,0,00:15:42,0.0,0.0,0.0,0,0,0,0,0,0
5343,121,128,0,101325,15,0,00:15:43,0.0,0.0,0.0,0,0,0,0,0,0
5343,122,129,0,101325,15,0,00:15:44,0.0,0.0,0.0,0,0,0,0,0,0
5343,123,130,0,101325,15,0,00:15:44,0.0,0.0,0.0,0,0,0,0,0,0
5343,124,131,0,101325,15,0,00:15:45,0.0,0.0,0.0,0,0,0,0,0,0
5343,125,132,0,101325,15,0,00:15:46,0.0,0.0,0.0,0,0,0,0,0,0
5343,126,133,0,101325,15,0,00:15:47,0.0,0.0,0.0,0,0,0,0,0,0
5343,127,134,0,101325,15,0,00:15:48,0.0,0.0,0.0,0,0,0,0,0,0
5343,128,135,0,101325,15,0,00:15:49,0.0,0.0,0.0,0,0,0,0,0,0
5343,129,136,0,101325,15,0,00:15:50,0.0,0.0,0.0,0,0,0,0,0,0
5343,130,138,0,101325,15,0,00:15:52,0.0,0.0,0.0,0,0,0,0,0,0
5343,131,139,0,101325,15,0,00:15:53,0.0,0.0,0.0,0,0,0,0,0,0
5343,132,140,0,101325,15,0,00:15:54,0.0,0.0,0.0,0,0,0,0,0,0
5343,133,141,0,101325,15,0,00:15:55,0.0,0.0,0.0,0,0,0,0,0,0
5343,134,142,0,101325,15,0,00:15:56,0.0,0.0,0.0,0,0,0,0,0,0
5343,135,143,0,101325,15,0,00:15:57,0.0,0.0,0.0,0,0,0,0,0,0
5343,136,144,0,101325,15,0,00:15:58,0.0,0.0,0.0,0,0,0,0,0,0
5343,137,145,0,101325,15,0,00:15:58,0.0,0.0,0.0,0,0,0,0,0,0
5343,138,146,0,101325,15,0,00:15:59,0.0,0.0,0.0,0,0,0,0,0,0
5343,139,147,0,101325,15,0,00:16:00,0.0,0.0,0.0,0,0,0,0,0,0
5343,140,148,0,101325,15,0,00:16:01,0.0,0.0,0.0,0,0,0,0,0,0
5343,141,149,0,101325,15,0,00:16:02,0.0,0.0,0.0,0,0,0,0,0,0
5343,142,150,0,101325,15,0,00:16:03,0.0,0.0,0.0,0,0,0,0,0,0
5343,143,151,0,101325,15,0,00:16:04,0.0,0.0,0.0,0,0,0,0,0,0
5343,144,152,0,101325,15,0,00:16:05,0.0,0.0,0.0,0,0,0,0,0,0
5343,145,153,0,101325,15,0,00:16:06,0.0,0.0,0.0,0,0,0,0,0,0
5343,146,154,0,101325,15,0,00:16:07,0.0,0.0,0.0,0,0,0,0,0,0
5343,147,155,0,101325,15,0,00:16:08,0.0,0.0,0.0,0,0,0,0,0,0
5343,148,156,0,101325,15,0,00:16:09,0.0,0.0,0.0,0,0,0,0,0,0
5343,149,157,0,101325,15,0,00:16:10,0.0,0.0,0.0,0,0,0,0,0,0
5343,150,158,0,101325,15,0,00:16:11,0.0,0.0,0.0,0,0,0,0,0,0
5343,151,159,0,101325,15,0,00:16:12,0.0,0.0,0.0,0,0,0,0,0,0
5343,152,160,0,101325,15,0,00:16:13,0.0,0.0,0.0,0,0,0,0,0,0
5343,153,161,0,101325,15,0,00:16:14,0.0,0.0,0.0,0,0,0,0,0,0
5343,154,162,0,101325,15,0,00:16:15,0.0,0.0,0.0,0,0,0,0,0,0
5343,155,164,0,101325,15,0,00:16:16,0.0,0.0,0.0,0,0,0,0,0,0
5343,156,165,0,101325,15,0,00:16:17,0.0,0.0,0.0,0,0,0,0,0,0
5343,157,166,0,101325,15,0,00:16:18,0.0,0.0,0.0,0,0,0,0,0,0
5343,158,167,0,101325,15,0,00:16:19,0.0,0.0,0.0,0,0,0,0,0,0
5343,159,168,0,101325,15,0,00:16:20,0.0,0.0,0.0,0,0,0,0,0,0
5343,160,169,0,101325,15,0,00:16:21,0.0,0.0,0.0,0,0,0,0,0,0
5343,161,170,0,101325,15,0,00:16:22,0.0,0.0,0.0,0,0,0,0,0,0
5343,162,171,0,101325,15,0,00:16:23,0.0,0.0,0.0,0,0,0,0,0,0
5343,163,172,0,101325,15,0,00:16:24,0.0,0.0,0.0,0,0,0,0,0,0
5343,164,173,0,101325,15,0,00:16:25,0.0,0.0,0.0,0,0,0,0,0,0
5343,165,174,0,101325,15,0,00:16:26,0.0,0.0,0.0,0,0,0,0,0,0
5343,166,175,0,101325,15,0,00:16:27,0.0,0.0,0.0,0,0,0,0,0,0
5343,167,176,0,101325,15,0,00:16:28,0.0,0.0,0.0,0,0,0,0,0,0
5343,168,177,0,101325,15,0,00:16:29,0.0,0.0,0.0,0,0,0,0,0,0
5343,169,178,0,101325,15,0,00:16:29,0.0,0.0,0.0,0,0,0,0,0,0
5343,170,179,0,101325,15,0,00:16:30,0.0,0.0,0.0,0,0,0,0,0,0
5343,171,180,0,101325,15,0,00:16:31,0.0,0.0,0.0,0,0,0,0,0,0
5343,172,181,0,101325,15,0,00:16:32,0.0,0.0,0.0,0,0,0,0,0,0
5343,173,182,0,101325,15,0,00:16:33,0.0,0.0,0.0,0,0,0,0,0,0
5343,174,183,0,101325,15,0,00:16:34,0.0,0.0,0.0,0,0,0,0,0,0
5343,175,184,0,101325,15,0,00:16:35,0.0,0.0,0.0,0,0,0,0,0,0
5343,176,185,0,101325,15,0,00:16:36,0.0,0.0,0.0,0,0,0,0,0,0
5343,177,186,0,101325,15,0,00:16:37,0.0,0.0,0.0,0,0,0,0,0,0
5343,178,187,0,101325,15,0,00:16:38,0.0,0.0,0.0,0,0,0,0,0,0
5343,179,188,0,101325,15,0,00:16:39,0.0,0.0,0.0,0,0,0,0,0,0
5343,180,190,0,101325,15,0,00:16:41,0.0,0.0,0.0,0,0,0,0,0,0
5343,181,191,0,101325,15,0,00:16:42,0.0,0.0,0.0,0,0,0,0,0,0
5343,182,192,0,101325,15,0,00:16:43,0.0,0.0,0.0,0,0,0,0,0,0
5343,183,193,0,101325,15,0,00:16:44,0.0,0.0,0.0,0,0,0,0,0,0
5343,184,194,0,101325,15,0,00:16:44,0.0,0.0,0.0,0,0,0,0,0,0
5343,185,195,0,101325,15,0,00:16:45,0.0,0.0,0.0,0,0,0,0,0,0
5343,186,196,0,101325,15,0,00:16:46,0.0,0.0,0.0,0,0,0,0,0,0
5343,187,197,0,101325,15,0,00:16:47,0.0,0.0,0.0,0,0,0,0,0,0
5343,188,198,0,101325,15,0,00:16:48,0.0,0.0,0.0,0,0,0,0,0,0
5343,189,199,0,101325,15,0,00:16:49,0.0,0.0,0.0,0,0,0,0,0,0
5343,190,200,0,101325,15,0,00:16:50,0.0,0.0,0.0,0,0,0,0,0,0
5343,191,201,0,101325,15,0,00:16:51,0.0,0.0,0.0,0,0,0,0,0,0
5343,192,202,0,101325,15,0,00:16:52,0.0,0.0,0.0,0,0,0,0,0,0
5343,193,203,0,101325,15,0,00:16:53,0.0,0.0,0.0,0,0,0,0,0,0
5343,194,204,0,101325,15,0,00:16:54,0.0,0.0,0.0,0,0,0,0,0,0
5343,195,205,0,101325,15,0,00:16:55,0.0,0.0,0.0,0,0,0,0,0,0
5343,196,206,0,101325,15,0,00:16:56,0.0,0.0,0.0,0,0,0,0,0,0
5343,197,207,0,101325,15,0,00:16:57,0.0,0.0,0.0,0,0,0,0,0,0
5343,198,208,0,101325,15,0,00:16:58,0.0,0.0,0.0,0,0,0,0,0,0
5343,199,209,0,101325,15,0,00:16:59,0.0,0.0,0.0,0,0,0,0,0,0
5343,200,210,0,101325,15,0,00:17:00,0.0,0.0,0.0,0,0,0,0,0,0
5343,201,211,0,101325,15,0,00:17:01,0.0,0.0,0.0,0,0,0,0,0,0
5343,202,212,0,101325,15,0,00:17:01,0.0,0.0,0.0,0,0,0,0,0,0
5343,203,213,0,101325,15,0,00:17:02,0.0,0.0,0.0,0,0,0,0,0,0
5343,204,215,0,101325,15,0,00:17:04,0.0,0.0,0.0,0,0,0,0,0,0
5343,205,216,0,101325,15,0,00:17:05,0.0,0.0,0.0,0,0,0,0,0,0
5343,206,217,0,101325,15,0,00:17:06,0.0,0.0,0.0,0,0,0,0,0,0
5343,207,218,0,101325,15,0,00:17:07,0.0,0.0,0.0,0,0,0,0,0,0
5343,208,219,0,101325,15,0,00:17:08,0.0,0.0,0.0,0,0,0,0,0,0
5343,209,220,0,101325,15,0,00:17:09,0.0,0.0,0.0,0,0,0,0,0,0
5343,210,221,0,101325,15,0,00:17:10,0.0,0.0,0.0,0,0,0,0,0,0
5343,211,222,0,101325,15,0,00:17:11,0.0,0.0,0.0,0,0,0,0,0,0
5343,212,223,0,101325,15,0,00:17:12,0.0,0.0,0.0,0,0,0,0,0,0
5343,213,224,0,101325,15,0,00:17:13,0.0,0.0,0.0,0,0,0,0,0,0
5343,214,225,0,101325,15,0,00:17:14,0.0,0.0,0.0,0,0,0,0,0,0
5343,215,226,0,101325,15,0,00:17:15,0.0,0.0,0.0,0,0,0,0,0,0
5343,216,227,0,101325,15,0,00:17:15,0.0,0.0,0.0,0,0,0,0,0,0
5343,217,228,0,101325,15,0,00:17:16,0.0,0.0,0.0,0,0,0,0,0,0
5343,218,229,0,101325,15,0,00:17:17,0.0,0.0,0.0,0,0,0,0,0,0
5343,219,230,0,101325,15,0,00:17:18,0.0,0.0,0.0,0,0,0,0,0,0
5343,220,231,0,101325,15,0,00:17:19,0.0,0.0,0.0,0,0,0,0,0,0
5343,221,232,0,101325,15,0,00:17:20,0.0,0.0,0.0,0,0,0,0,0,0
5343,222,233,0,101325,15,0,00:17:21,0.0,0.0,0.0,0,0,0,0,0,0
5343,223,234,0,101325,15,0,00:17:22,0.0,0.0,0.0,0,0,0,0,0,0
5343,224,235,0,101325,15,0,00:17:23,0.0,0.0,0.0,0,0,0,0,0,0
5343,225,236,0,101325,15,0,00:17:24,0.0,0.0,0.0,0,0,0,0,0,0
5343,226,237,0,101325,15,0,00:17:25,0.0,0.0,0.0,0,0,0,0,0,0
5343,227,238,0,101325,15,0,00:17:26,0.0,0.0,0.0,0,0,0,0,0,0
5343,228,239,0,101325,15,0,00:17:27,0.0,0.0,0.0,0,0,0,0,0,0
5343,229,241,0,101325,15,0,00:17:29,0.0,0.0,0.0,0,0,0,0,0,0
5343,230,242,0,101325,15,0,00:17:30,0.0,0.0,0.0,0,0,0,0,0,0
5343,231,243,0,101325,15,0,00:17:30,0.0,0.0,0.0,0,0,0,0,0,0
5343,232,244,0,101325,15,0,00:17:31,0.0,0.0,0.0,0,0,0,0,0,0
5343,233,245,0,101325,15,0,00:17:32,0.0,0.0,0.0,0,0,0,0,0,0
5343,234,246,0,101325,15,0,00:17:33,0.0,0.0,0.0,0,0,0,0,0,0
5343,235,247,0,101325,15,0,00:17:34,0.0,0.0,0.0,0,0,0,0,0,0
5343,236,248,0,101325,15,0,00:17:35,0.0,0.0,0.0,0,0,0,0,0,0
5343,237,249,0,101325,15,0,00:17:36,0.0,0.0,0.0,0,0,0,0,0,0
5343,238,250,0,101325,15,0,00:17:37,0.0,0.0,0.0,0,0,0,0,0,0
5343,239,251,0,101325,15,0,00:17:38,0.0,0.0,0.0,0,0,0,0,0,0
5343,240,252,0,101325,15,0,00:17:39,0.0,0.0,0.0,0,0,0,0,0,0
5343,241,253,0,101325,15,0,00:17:40,0.0,0.0,0.0,0,0,0,0,0,0
5343,242,254,0,101325,15,0,00:17:41,0.0,0.0,0.0,0,0,0,0,0,0
5343,243,255,0,101325,15,0,00:17:42,0.0,0.0,0.0,0,0,0,0,0,0
5343,244,256,0,101325,15,0,00:17:43,0.0,0.0,0.0,0,0,0,0,0,0
5343,245,257,0,101325,15,0,00:17:44,0.0,0.0,0.0,0,0,0,0,0,0
5343,246,258,0,101325,15,0,00:17:45,0.0,0.0,0.0,0,0,0,0,0,0
5343,247,259,0,101325,15,0,00:17:46,0.0,0.0,0.0,0,0,0,0,0,0
5343,248,260,0,101325,15,0,00:17:46,0.0,0.0,0.0,0,0,0,0,0,0
5343,249,261,0,101325,15,0,00:17:47,0.0,0.0,0.0,0,0,0,0,0,0
5343,250,262,0,101325,15,0,00:17:48,0.0,0.0,0.0,0,0,0,0,0,0
5343,251,263,0,101325,15,0,00:17:49,0.0,0.0,0.0,0,0,0,0,0,0
5343,252,264,0,101325,15,0,00:17:50,0.0,0.0,0.0,0,0,0,0,0,0
5343,253,266,0,101325,15,0,00:17:52,0.0,0.0,0.0,0,0,0,0,0,0
5343,254,267,0,101325,15,0,00:17:53,0.0,0.0,0.0,0,0,0,0,0,0
5343,255,268,0,101325,15,0,00:17:54,0.0,0.0,0.0,0,0,0,0,0,0
5343,256,269,0,101325,15,0,00:17:55,0.0,0.0,0.0,0,0,0,0,0,0
5343,257,270,0,101325,15,0,00:17:56,0.0,0.0,0.0,0,0,0,0,0,0
5343,258,271,0,101325,15,0,00:17:57,0.0,0.0,0.0,0,0,0,0,0,0
5343,259,272,0,101325,15,0,00:17:58,0.0,0.0,0.0,0,0,0,0,0,0
5343,260,273,0,101325,15,0,00:17:59,0.0,0.0,0.0,0,0,0,0,0,0
5343,261,274,0,101325,15,0,00:18:00,0.0,0.0,0.0,0,0,0,0,0,0
5343,262,275,0,101325,15,0,00:18:01,0.0,0.0,0.0,0,0,0,0,0,0
5343,263,276,0,101325,15,0,00:18:01,0.0,0.0,0.0,0,0,0,0,0,0
5343,264,277,0,101325,15,0,00:18:02,0.0,0.0,0.0,0,0,0,0,0,0
5343,265,278,0,101325,15,0,00:18:03,0.0,0.0,0.0,0,0,0,0,0,0
5343,266,279,0,101325,15,0,00:18:04,0.0,0.0,0.0,0,0,0,0,0,0
5343,267,280,0,101325,15,0,00:18:05,0.0,0.0,0.0,0,0,0,0,0,0
5343,268,281,0,101325,15,0,00:18:06,0.0,0.0,0.0,0,0,0,0,0,0
5343,269,282,0,101325,15,0,00:18:07,0.0,0.0,0.0,0,0,0,0,0,0
5343,270,283,0,101325,15,0,00:18:08,0.0,0.0,0.0,0,0,0,0,0,0
5343,271,284,0,101325,15,0,00:18:09,0.0,0.0,0.0,0,0,0,0,0,0
5343,272,285,0,101325,15,0,00:18:10,0.0,0.0,0.0,0,0,0,0,0,0
5343,273,286,0,101325,15,0,00:18:11,0.0,0.0,0.0,0,0,0,0,0,0
5343,274,287,0,101325,15,0,00:18:12,0.0,0.0,0.0,0,0,0,0,0,0
5343,275,288,0,101325,15,0,00:18:13,0.0,0.0,0.0,0,0,0,0,0,0
5343,276,289,0,101325,15,0,00:18:14,0.0,0.0,0.0,0,0,0,0,0,0
5343,277,290,0,101325,15,0,00:18:15,0.0,0.0,0.0,0,0,0,0,0,0
5343,278,292,0,101325,15,0,00:18:16,0.0,0.0,0.0,0,0,0,0,0,0
5343,279,293,0,101325,15,0,00:18:17,0.0,0.0,0.0,0,0,0,0,0,0
5343,280,294,0,101325,15,0,00:18:18,0.0,0.0,0.0,0,0,0,0,0,0
5343,281,295,0,101325,15,0,00:18:19,0.0,0.0,0.0,0,0,0,0,0,0
5343,282,296,0,101325,15,0,00:18:20,0.0,0.0,0.0,0,0,0,0,0,0
5343,283,297,0,101325,15,0,00:18:21,0.0,0.0,0.0,0,0,0,0,0,0
5343,284,298,0,101325,15,0,00:18:22,0.0,0.0,0.0,0,0,0,0,0,0
5343,285,299,0,101325,15,0,00:18:23,0.0,0.0,0.0,0,0,0,0,0,0
5343,286,300,0,101325,15,0,00:18:24,0.0,0.0,0.0,0,0,0,0,0,0
5343,287,301,0,101325,15,0,00:18:25,0.0,0.0,0.0,0,0,0,0,0,0
5343,288,302,0,101325,15,0,00:18:26,0.0,0.0,0.0,0,0,0,0,0,0
5343,289,303,0,101325,15,0,00:18:27,0.0,0.0,0.0,0,0,0,0,0,0
5343,290,304,0,101325,15,0,00:18:28,0.0,0.0,0.0,0,0,0,0,0,0
5343,291,305,0,101325,15,0,00:18:29,0.0,0.0,0.0,0,0,0,0,0,0
5343,292,306,0,101325,15,0,00:18:30,0.0,0.0,0.0,0,0,0,0,0,0
5343,293,307,0,101325,15,0,00:18:31,0.0,0.0,0.0,0,0,0,0,0,0
5343,294,308,0,101325,15,0,00:18:32,0.0,0.0,0.0,0,0,0,0,0,0
5343,295,309,0,101325,15,0,00:18:32,0.0,0.0,0.0,0,0,0,0,0,0
5343,296,310,0,101325,15,0,00:18:33,0.0,0.0,0.0,0,0,0,0,0,0
5343,297,311,0,101325,15,0,00:18:34,0.0,0.0,0.0,0,0,0,0,0,0
5343,298,312,0,101325,15,0,00:18:35,0.0,0.0,0.0,0,0,0,0,0,0
5343,299,313,0,101325,15,0,00:18:36,0.0,0.0,0.0,0,0,0,0,0,0
5343,300,314,0,101325,15,0,00:18:37,0.0,0.0,0.0,0,0,0,0,0,0
5343,301,315,0,101325,15,0,00:18:38,0.0,0.0,0.0,0,0,0,0,0,0
5343,302,316,0,101325,15,0,00:18:39,0.0,0.0,0.0,0,0,0,0,0,0
5343,303,318,0,101325,15,0,00:18:41,0.0,0.0,0.0,0,0,0,0,0,0
5343,304,319,0,101325,15,0,00:18:42,0.0,0.0,0.0,0,0,0,0,0,0
5343,305,320,0,101325,15,0,00:18:43,0.0,0.0,0.0,0,0,0,0,0,0
5343,306,321,0,101325,15,0,00:18:44,0.0,0.0,0.0,0,0,0,0,0,0
5343,307,322,0,101325,15,0,00:18:45,0.0,0.0,0.0,0,0,0,0,0,0
5343,308,323,0,101325,15,0,00:18:46,0.0,0.0,0.0,0,0,0,0,0,0
5343,309,324,0,101325,15,0,00:18:47,0.0,0.0,0.0,0,0,0,0,0,0
5343,310,325,0,101325,15,0,00:18:47,0.0,0.0,0.0,0,0,0,0,0,0
5343,311,326,0,101325,15,0,00:18:48,0.0,0.0,0.0,0,0,0,0,0,0
5343,312,327,0,101325,15,0,00:18:49,0.0,0.0,0.0,0,0,0,0,0,0
5343,313,328,0,101325,15,0,00:18:50,0.0,0.0,0.0,0,0,0,0,0,0
5343,314,329,0,101325,15,0,00:18:51,0.0,0.0,0.0,0,0,0,0,0,0
5343,315,330,0,101325,15,0,00:18:52,0.0,0.0,0.0,0,0,0,0,0,0
5343,316,331,0,101325,15,0,00:18:53,0.0,0.0,0.0,0,0,0,0,0,0
5343,317,332,0,101325,15,0,00:18:54,0.0,0.0,0.0,0,0,0,0,0,0
5343,318,333,0,101325,15,0,00:18:55,0.0,0.0,0.0,0,0,0,0,0,0
5343,319,334,0,101325,15,0,00:18:56,0.0,0.0,0.0,0,0,0,0,0,0
5343,320,335,0,101325,15,0,00:18:57,0.0,0.0,0.0,0,0,0,0,0,0
5343,321,336,0,101325,15,0,00:18:58,0.0,0.0,0.0,0,0,0,0,0,0
5343,322,337,0,101325,15,0,00:18:59,0.0,0.0,0.0,0,0,0,0,0,0
5343,323,338,0,101325,15,0,00:19:00,0.0,0.0,0.0,0,0,0,0,0,0
5343,324,339,0,101325,15,0,00:19:01,0.0,0.0,0.0,0,0,0,0,0,0
5343,325,340,0,101325,15,0,00:19:02,0.0,0.0,0.0,0,0,0,0,0,0
5343,326,341,0,101325,15,0,00:19:03,0.0,0.0,0.0,0,0,0,0,0,0
5343,327,343,0,101325,15,0,00:19:04,0.0,0.0,0.0,0,0,0,0,0,0
5343,328,344,0,101325,15,0,00:19:05,0.0,0.0,0.0,0,0,0,0,0,0
5343,329,345,0,101325,15,0,00:19:06,0.0,0.0,0.0,0,0,0,0,0,0
5343,330,346,0,101325,15,0,00:19:07,0.0,0.0,0.0,0,0,0,0,0,0
5343,331,347,0,101325,15,0,00:19:08,0.0,0.0,0.0,0,0,0,0,0,0
5343,332,348,0,101325,15,0,00:19:09,0.0,0.0,0.0,0,0,0,0,0,0
5343,333,349,0,101325,15,0,00:19:10,0.0,0.0,0.0,0,0,0,0,0,0
5343,334,350,0,101325,15,0,00:19:11,0.0,0.0,0.0,0,0,0,0,0,0
5343,335,351,0,101325,15,0,00:19:12,0.0,0.0,0.0,0,0,0,0,0,0
5343,336,352,0,101325,15,0,00:19:13,0.0,0.0,0.0,0,0,0,0,0,0
5343,337,353,0,101325,15,0,00:19:14,0.0,0.0,0.0,0,0,0,0,0,0
5343,338,354,0,101325,15,0,00:19:15,0.0,0.0,0.0,0,0,0,0,0,0
5343,339,355,0,101325,15,0,00:19:16,0.0,0.0,0.0,0,0,0,0,0,0
5343,340,356,0,101325,15,0,00:19:17,0.0,0.0,0.0,0,0,0,0,0,0
5343,341,357,0,101325,15,0,00:19:18,0.0,0.0,0.0,0,0,0,0,0,0
5343,342,358,0,101325,15,0,00:19:18,0.0,0.0,0.0,0,0,0,0,0,0
5343,343,359,0,101325,15,0,00:19:19,0.0,0.0,0.0,0,0,0,0,0,0
5343,344,360,0,101325,15,0,00:19:20,0.0,0.0,0.0,0,0,0,0,0,0
5343,345,361,0,101325,15,0,00:19:21,0.0,0.0,0.0,0,0,0,0,0,0
5343,346,362,0,101325,15,0,00:19:22,0.0,0.0,0.0,0,0,0,0,0,0
5343,347,363,0,101325,15,0,00:19:23,0.0,0.0,0.0,0,0,0,0,0,0
5343,348,364,0,101325,15,0,00:19:24,0.0,0.0,0.0,0,0,0,0,0,0
5343,349,365,0,101325,15,0,00:19:25,0.0,0.0,0.0,0,0,0,0,0,0
5343,350,366,0,101325,15,0,00:19:26,0.0,0.0,0.0,0,0,0,0,0,0
5343,351,367,0,101325,15,0,00:19:27,0.0,0.0,0.0,0,0,0,0,0,0
5343,352,369,0,101325,15,0,00:19:29,0.0,0.0,0.0,0,0,0,0,0,0
5343,353,370,0,101325,15,0,00:19:30,0.0,0.0,0.0,0,0,0,0,0,0
5343,354,371,0,101325,15,0,00:19:31,0.0,0.0,0.0,0,0,0,0,0,0
5343,355,372,0,101325,15,0,00:19:32,0.0,0.0,0.0,0,0,0,0,0,0
5343,356,373,0,101325,15,0,00:19:33,0.0,0.0,0.0,0,0,0,0,0,0
5343,357,374,0,101325,15,0,00:19:33,0.0,0.0,0.0,0,0,0,0,0,0
5343,358,375,0,101325,15,0,00:19:34,0.0,0.0,0.0,0,0,0,0,0,0
5343,359,376,0,101325,15,0,00:19:35,0.0,0.0,0.0,0,0,0,0,0,0
5343,360,377,0,101325,15,0,00:19:36,0.0,0.0,0.0,0,0,0,0,0,0
5343,361,378,0,101325,15,0,00:19:37,0.0,0.0,0.0,0,0,0,0,0,0
5343,362,379,0,101325,15,0,00:19:38,0.0,0.0,0.0,0,0,0,0,0,0
5343,363,380,0,101325,15,0,00:19:39,0.0,0.0,0.0,0,0,0,0,0,0
5343,364,381,0,101325,15,0,00:19:40,0.0,0.0,0.0,0,0,0,0,0,0
5343,365,382,0,101325,15,0,00:19:41,0.0,0.0,0.0,0,0,0,0,0,0
5343,366,383,0,101325,15,0,00:19:42,0.0,0.0,0.0,0,0,0,0,0,0
5343,367,384,0,101325,15,0,00:19:43,0.0,0.0,0.0,0,0,0,0,0,0
5343,368,385,0,101325,15,0,00:19:44,0.0,0.0,0.0,0,0,0,0,0,0
5343,369,386,0,101325,15,0,00:19:45,0.0,0.0,0.0,0,0,0,0,0,0
5343,370,387,0,101325,15,0,00:19:46,0.0,0.0,0.0,0,0,0,0,0,0
5343,371,388,0,101325,15,0,00:19:47,0.0,0.0,0.0,0,0,0,0,0,0
5343,372,389,0,101325,15,0,00:19:48,0.0,0.0,0.0,0,0,0,0,0,0
5343,373,390,0,101325,15,0,00:19:49,0.0,0.0,0.0,0,0,0,0,0,0
5343,374,391,0,101325,15,0,00:19:50,0.0,0.0,0.0,0,0,0,0,0,0
5343,375,392,0,101325,15,0,00:19:50,0.0,0.0,0.0,0,0,0,0,0,0
5343,376,393,0,101325,15,0,00:19:51,0.0,0.0,0.0,0,0,0,0,0,0
5343,377,395,0,101325,15,0,00:19:53,0.0,0.0,0.0,0,0,0,0,0,0
5343,378,396,0,101325,15,0,00:19:54,0.0,0.0,0.0,0,0,0,0,0,0
5343,379,397,0,101325,15,0,00:19:55,0.0,0.0,0.0,0,0,0,0,0,0
5343,380,398,0,101325,15,0,00:19:56,0.0,0.0,0.0,0,0,0,0,0,0
5343,381,399,0,101325,15,0,00:19:57,0.0,0.0,0.0,0,0,0,0,0,0
5343,382,400,0,101325,15,0,00:19:58,0.0,0.0,0.0,0,0,0,0,0,0
5343,383,401,0,101325,15,0,00:19:59,0.0,0.0,0.0,0,0,0,0,0,0
5343,384,402,0,101325,15,0,00:20:00,0.0,0.0,0.0,0,0,0,0,0,0
5343,385,403,0,101325,15,0,00:20:01,0.0,0.0,0.0,0,0,0,0,0,0
5343,386,404,0,101325,15,0,00:20:02,0.0,0.0,0.0,0,0,0,0,0,0
5343,387,405,0,101325,15,0,00:20:03,0.0,0.0,0.0,0,0,0,0,0,0
5343,388,406,0,101325,15,0,00:20:04,0.0,0.0,0.0,0,0,0,0,0,0
5343,389,407,0,101325,15,0,00:20:04,0.0,0.0,0.0,0,0,0,0,0,0
5343,390,408,0,101325,15,0,00:20:05,0.0,0.0,0.0,0,0,0,0,0,0
5343,391,409,0,101325,15,0,00:20:06,0.0,0.0,0.0,0,0,0,0,0,0
5343,392,410,0,101325,15,0,00:20:07,0.0,0.0,0.0,0,0,0,0,0,0
5343,393,411,0,101325,15,0,00:20:08,0.0,0.0,0.0,0,0,0,0,0,0
5343,394,412,0,101325,15,0,00:20:09,0.0,0.0,0.0,0,0,0,0,0,0
5343,395,413,0,101325,15,0,00:20:10,0.0,0.0,0.0,0,0,0,0,0,0
5343,396,414,0,101325,15,0,00:20:11,0.0,0.0,0.0,0,0,0,0,0,0
5343,397,415,0,101325,15,0,00:20:12,0.0,0.0,0.0,0,0,0,0,0,0
5343,398,416,0,101325,15,0,00:20:13,0.0,0.0,0.0,0,0,0,0,0,0
5343,399,417,0,101325,15,0,00:20:14,0.0,0.0,0.0,0,0,0,0,0,0
5343,400,418,0,101325,15,0,00:20:15,0.0,0.0,0.0,0,0,0,0,0,0
5343,401,420,0,101325,15,0,00:20:17,0.0,0.0,0.0,0,0,0,0,0,0
5343,402,421,0,101325,15,0,00:20:18,0.0,0.0,0.0,0,0,0,0,0,0
5343,403,422,0,101325,15,0,00:20:19,0.0,0.0,0.0,0,0,0,0,0,0
5343,404,423,0,101325,15,0,00:20:19,0.0,0.0,0.0,0,0,0,0,0,0
5343,405,424,0,101325,15,0,00:20:20,0.0,0.0,0.0,0,0,0,0,0,0
5343,406,425,0,101325,15,0,00:20:21,0.0,0.0,0.0,0,0,0,0,0,0
5343,407,426,0,101325,15,0,00:20:22,0.0,0.0,0.0,0,0,0,0,0,0
5343,408,427,0,101325,15,0,00:20:23,0.0,0.0,0.0,0,0,0,0,0,0
5343,409,428,0,101325,15,0,00:20:24,0.0,0.0,0.0,0,0,0,0,0,0
5343,410,429,0,101325,15,0,00:20:25,0.0,0.0,0.0,0,0,0,0,0,0
5343,411,430,0,101325,15,0,00:20:26,0.0,0.0,0.0,0,0,0,0,0,0
5343,412,431,0,101325,15,0,00:20:27,0.0,0.0,0.0,0,0,0,0,0,0
5343,413,432,0,101325,15,0,00:20:28,0.0,0.0,0.0,0,0,0,0,0,0
5343,414,433,0,101325,15,0,00:20:29,0.0,0.0,0.0,0,0,0,0,0,0
5343,415,434,0,101325,15,0,00:20:30,0.0,0.0,0.0,0,0,0,0,0,0
5343,416,435,0,101325,15,0,00:20:31,0.0,0.0,0.0,0,0,0,0,0,0
5343,417,436,0,101325,15,0,00:20:32,0.0,0.0,0.0,0,0,0,0,0,0
5343,418,437,0,101325,15,0,00:20:33,0.0,0.0,0.0,0,0,0,0,0,0
5343,419,438,0,101325,15,0,00:20:34,0.0,0.0,0.0,0,0,0,0,0,0
5343,420,439,0,101325,15,0,00:20:35,0.0,0.0,0.0,0,0,0,0,0,0
5343,421,440,0,101325,15,0,00:20:35,0.0,0.0,0.0,0,0,0,0,0,0
5343,422,441,0,101325,15,0,00:20:36,0.0,0.0,0.0,0,0,0,0,0,0
5343,423,442,0,101325,15,0,00:20:37,0.0,0.0,0.0,0,0,0,0,0,0
5343,424,443,0,101325,15,0,00:20:38,0.0,0.0,0.0,0,0,0,0,0,0
5343,425,444,0,101325,15,0,00:20:39,0.0,0.0,0.0,0,0,0,0,0,0
5343,426,446,0,101325,15,0,00:20:41,0.0,0.0,0.0,0,0,0,0,0,0
5343,427,447,0,101325,15,0,00:20:42,0.0,0.0,0.0,0,0,0,0,0,0
5343,428,448,0,101325,15,0,00:20:43,0.0,0.0,0.0,0,0,0,0,0,0
5343,429,449,0,101325,15,0,00:20:44,0.0,0.0,0.0,0,0,0,0,0,0
5343,430,450,0,101325,15,0,00:20:45,0.0,0.0,0.0,0,0,0,0,0,0
5343,431,451,0,101325,15,0,00:20:46,0.0,0.0,0.0,0,0,0,0,0,0
5343,432,452,0,101325,15,0,00:20:47,0.0,0.0,0.0,0,0,0,0,0,0
5343,433,453,0,101325,15,0,00:20:48,0.0,0.0,0.0,0,0,0,0,0,0
5343,434,454,0,101325,15,0,00:20:49,0.0,0.0,0.0,0,0,0,0,0,0
5343,435,455,0,101325,15,0,00:20:50,0.0,0.0,0.0,0,0,0,0,0,0
5343,436,456,0,101325,15,0,00:20:50,0.0,0.0,0.0,0,0,0,0,0,0
5343,437,457,0,101325,15,0,00:20:51,0.0,0.0,0.0,0,0,0,0,0,0
5343,438,458,0,101325,15,0,00:20:52,0.0,0.0,0.0,0,0,0,0,0,0
5343,439,459,0,101325,15,0,00:20:53,0.0,0.0,0.0,0,0,0,0,0,0
5343,440,460,0,101325,15,0,00:20:54,0.0,0.0,0.0,0,0,0,0,0,0
5343,441,461,0,101325,15,0,00:20:55,0.0,0.0,0.0,0,0,0,0,0,0
5343,442,462,0,101325,15,0,00:20:56,0.0,0.0,0.0,0,0,0,0,0,0
5343,443,463,0,101325,15,0,00:20:57,0.0,0.0,0.0,0,0,0,0,0,0
5343,444,464,0,101325,15,0,00:20:58,0.0,0.0,0.0,0,0,0,0,0,0
5343,445,465,0,101325,15,0,00:20:59,0.0,0.0,0.0,0,0,0,0,0,0
5343,446,466,0,101325,15,0,00:21:00,0.0,0.0,0.0,0,0,0,0,0,0
5343,447,467,0,101325,15,0,00:21:01,0.0,0.0,0.0,0,0,0,0,0,0
5343,448,468,0,101325,15,0,00:21:02,0.0,0.0,0.0,0,0,0,0,0,0
5343,449,469,0,101325,15,0,00:21:03,0.0,0.0,0.0,0,0,0,0,0,0
5343,450,470,0,101325,15,0,00:21:04,0.0,0.0,0.0,0,0,0,0,0,0
5343,451,472,0,101325,15,0,00:21:05,0.0,0.0,0.0,0,0,0,0,0,0
5343,452,473,0,101325,15,0,00:21:06,0.0,0.0,0.0,0,0,0,0,0,0
5343,453,474,0,101325,15,0,00:21:07,0.0,0.0,0.0,0,0,0,0,0,0
5343,454,475,0,101325,15,0,00:21:08,0.0,0.0,0.0,0,0,0,0,0,0
5343,455,476,0,101325,15,0,00:21:09,0.0,0.0,0.0,0,0,0,0,0,0
5343,456,477,0,101325,15,0,00:21:10,0.0,0.0,0.0,0,0,0,0,0,0
5343,457,478,0,101325,15,0,00:21:11,0.0,0.0,0.0,0,0,0,0,0,0
5343,458,479,0,101325,15,0,00:21:12,0.0,0.0,0.0,0,0,0,0,0,0
5343,459,480,0,101325,15,0,00:21:13,0.0,0.0,0.0,0,0,0,0,0,0
5343,460,481,0,101325,15,0,00:21:14,0.0,0.0,0.0,0,0,0,0,0,0
5343,461,482,0,101325,15,0,00:21:15,0.0,0.0,0.0,0,0,0,0,0,0
5343,462,483,0,101325,15,0,00:21:16,0.0,0.0,0.0,0,0,0,0,0,0
5343,463,484,0,101325,15,0,00:21:17,0.0,0.0,0.0,0,0,0,0,0,0
5343,464,485,0,101325,15,0,00:21:18,0.0,0.0,0.0,0,0,0,0,0,0
5343,465,486,0,101325,15,0,00:21:19,0.0,0.0,0.0,0,0,0,0,0,0
5343,466,487,0,101325,15,0,00:21:20,0.0,0.0,0.0,0,0,0,0,0,0
5343,467,488,0,101325,15,0,00:21:21,0.0,0.0,0.0,0,0,0,0,0,0
5343,468,489,0,101325,15,0,00:21:21,0.0,0.0,0.0,0,0,0,0,0,0
5343,469,490,0,101325,15,0,00:21:22,0.0,0.0,0.0,0,0,0,0,0,0
5343,470,491,0,101325,15,0,00:21:23,0.0,0.0,0.0,0,0,0,0,0,0
5343,471,492,0,101325,15,0,00:21:24,0.0,0.0,0.0,0,0,0,0,0,0
5343,472,493,0,101325,15,0,00:21:25,0.0,0.0,0.0,0,0,0,0,0,0
5343,473,494,0,101325,15,0,00:21:26,0.0,0.0,0.0,0,0,0,0,0,0
5343,474,495,0,101325,15,0,00:21:27,0.0,0.0,0.0,0,0,0,0,0,0
5343,475,497,0,101325,15,0,00:21:29,0.0,0.0,0.0,0,0,0,0,0,0
5343,476,498,0,101325,15,0,00:21:30,0.0,0.0,0.0,0,0,0,0,0,0
5343,477,499,0,101325,15,0,00:21:31,0.0,0.0,0.0,0,0,0,0,0,0
5343,478,500,0,101325,15,0,00:21:32,0.0,0.0,0.0,0,0,0,0,0,0
5343,479,501,0,101325,15,0,00:21:33,0.0,0.0,0.0,0,0,0,0,0,0
5343,480,502,0,101325,15,0,00:21:34,0.0,0.0,0.0,0,0,0,0,0,0
