Team ID,Mission Time,Packet Count,Altitude,Pressure,Temperature,Voltage,GPS Time,GPS Latitude,GPS Longitude,GPS Altitude,GPS Sats,Pitch,Roll,Blade Spin Rate,Flight State,Bonus Direction
5343,156,156,1.7,97093,30.8,5.5,23:59:43,0.0,0.0,0.0,0,0,-5,0,0,335
5343,157,157,1.6,97094,30.8,5.5,23:59:43,0.0,0.0,0.0,0,3,-3,0,0,333
5343,158,158,1.6,97094,30.8,5.5,23:59:44,0.0,0.0,0.0,0,16,-4,0,0,307
5343,159,159,1.7,97093,30.8,5.5,23:59:45,0.0,0.0,0.0,0,17,-4,0,0,304
5343,160,160,1.6,97094,30.8,5.5,23:59:46,0.0,0.0,0.0,0,12,-5,0,0,308
5343,1,1,0.1,97095,30.9,5.5,23:59:51,0.0,0.0,0.0,0,0,0,0,0,305
5343,2,2,0.0,97094,30.9,5.5,23:59:51,0.0,0.0,0.0,0,0,0,0,0,306
5343,3,3,0.0,97094,30.9,5.5,23:59:52,0.0,0.0,0.0,0,-2,1,0,0,310
5343,4,4,0.1,97095,30.9,5.5,23:59:53,0.0,0.0,0.0,0,0,-1,0,0,315
5343,5,5,0.1,97095,31.0,5.5,23:59:54,0.0,0.0,0.0,0,-1,7,0,0,314
5343,6,6,0.1,97095,31.0,5.5,23:59:55,0.0,0.0,0.0,0,0,10,0,0,313
5343,7,7,0.2,97096,31.0,5.5,23:59:56,0.0,0.0,0.0,0,0,12,0,0,313
5343,8,8,0.0,97094,31.0,5.5,23:59:57,0.0,0.0,0.0,0,-8,14,0,0,315
5343,9,9,0.2,97096,31.1,5.5,23:59:58,0.0,0.0,0.0,0,-17,37,0,0,316
5343,10,10,0.2,97096,31.1,5.5,23:59:59,0.0,0.0,0.0,0,-25,45,0,0,309
5343,11,11,0.4,97098,31.2,5.5,00:00:00,0.0,0.0,0.0,0,-32,19,0,0,305
5343,12,12,0.2,97097,31.2,5.5,00:00:01,0.0,0.0,0.0,0,-43,15,0,0,309
5343,13,13,0.5,97100,31.2,5.5,00:00:02,0.0,0.0,0.0,0,-53,13,0,0,319
5343,14,14,0.4,97098,31.2,5.5,00:00:03,0.0,0.0,0.0,0,-51,18,0,0,319
5343,15,15,0.4,97098,31.3,5.5,00:00:04,0.0,0.0,0.0,0,-58,40,0,0,321
5343,16,16,0.4,97098,31.3,5.5,00:00:05,0.0,0.0,0.0,0,-64,40,0,0,327
5343,17,17,0.4,97099,31.4,5.5,00:00:06,0.0,0.0,0.0,0,78,57,0,0,335
5343,18,18,0.2,97096,31.4,5.5,00:00:07,0.0,0.0,0.0,0,50,65,0,0,70
5343,19,19,0.3,97097,31.4,5.5,00:00:08,0.0,0.0,0.0,0,-65,31,0,0,43
5343,20,20,0.2,97096,31.3,5.5,00:00:09,0.0,0.0,0.0,0,-40,39,0,0,84
5343,21,21,0.1,97095,31.4,5.5,00:00:10,0.0,0.0,0.0,0,-30,39,0,0,88
5343,22,22,0.2,97096,31.4,5.5,00:00:11,0.0,0.0,0.0,0,-31,40,0,0,85
5343,23,23,0.1,97095,31.4,5.5,00:00:12,0.0,0.0,0.0,0,-41,38,0,0,86
5343,24,24,0.0,97094,31.4,5.5,00:00:13,0.0,0.0,0.0,0,-43,39,0,0,85
5343,25,25,0.3,97097,31.4,5.5,00:00:14,0.0,0.0,0.0,0,-55,39,0,0,77
5343,26,26,0.2,97096,31.4,5.5,00:00:15,0.0,0.0,0.0,0,62,37,0,0,356
5343,27,27,0.1,97096,31.7,5.5,00:00:16,0.0,0.0,0.0,0,40,41,0,0,3
5343,28,28,0.0,97094,31.9,5.5,00:00:17,0.0,0.0,0.0,0,38,27,0,0,312
5343,29,29,0.1,97095,32.0,5.5,00:00:18,0.0,0.0,0.0,0,34,36,0,0,340
5343,30,30,0.0,97094,32.1,5.5,00:00:19,0.0,0.0,0.0,0,27,36,0,0,346
5343,31,31,0.1,97095,32.2,5.5,00:00:20,0.0,0.0,0.0,0,25,29,0,0,339
5343,32,32,0.1,97095,32.4,5.5,00:00:21,0.0,0.0,0.0,0,19,32,0,0,352
5343,33,33,0.1,97094,32.4,5.5,00:00:22,0.0,0.0,0.0,0,0,34,0,0,5
5343,34,34,0.1,97095,32.4,5.5,00:00:23,0.0,0.0,0.0,0,-6,17,0,0,6
5343,35,35,0.0,97094,32.5,5.5,00:00:23,0.0,0.0,0.0,0,-7,5,0,0,1
5343,36,36,0.0,97094,32.7,5.5,00:00:24,0.0,0.0,0.0,0,-7,4,0,0,0
5343,37,37,0.2,97096,32.7,5.5,00:00:25,0.0,0.0,0.0,0,-8,3,0,0,0
5343,38,38,0.0,97094,32.7,5.5,00:00:26,0.0,0.0,0.0,0,-8,19,0,0,16
5343,39,39,0.1,97095,32.9,5.5,00:00:27,0.0,0.0,0.0,0,0,30,0,0,18
5343,40,40,0.0,97094,32.9,5.5,00:00:28,0.0,0.0,0.0,0,-9,30,0,0,14
5343,41,41,0.0,97094,32.9,5.5,00:00:29,0.0,0.0,0.0,0,1,28,0,0,22
5343,42,42,0.1,97095,32.9,5.5,00:00:30,0.0,0.0,0.0,0,-5,31,0,0,27
5343,43,43,0.1,97095,33.0,5.5,00:00:31,0.0,0.0,0.0,0,4,32,0,0,28
5343,44,44,0.0,97094,33.1,5.5,00:00:32,0.0,0.0,0.0,0,4,28,0,0,25
5343,45,45,0.3,97097,33.1,5.5,00:00:33,0.0,0.0,0.0,0,-2,36,0,0,24
5343,46,46,0.1,97096,33.2,5.5,00:00:34,0.0,0.0,0.0,0,-15,36,0,0,24
5343,47,47,0.2,97096,33.2,5.5,00:00:35,0.0,0.0,0.0,0,-38,29,0,0,30
5343,48,48,0.4,97098,33.2,5.5,00:00:36,0.0,0.0,0.0,0,-55,33,0,0,37
5343,49,49,0.4,97098,33.2,5.5,00:00:37,0.0,0.0,0.0,0,-46,28,0,0,39
5343,50,50,0.3,97097,33.3,5.5,00:00:38,0.0,0.0,0.0,0,-48,23,0,0,41
5343,51,51,0.4,97098,33.3,5.5,00:00:39,0.0,0.0,0.0,0,-51,22,0,0,38
5343,52,52,0.3,97097,33.5,5.5,00:00:40,0.0,0.0,0.0,0,-55,15,0,0,39
5343,53,53,0.4,97098,33.5,5.5,00:00:41,0.0,0.0,0.0,0,-54,33,0,0,38
5343,54,54,0.4,97098,33.5,5.5,00:00:42,0.0,0.0,0.0,0,-53,55,0,0,33
5343,55,55,0.2,97096,33.6,5.5,00:00:43,0.0,0.0,0.0,0,-24,69,0,0,30
5343,56,56,0.2,97096,33.6,5.5,00:00:44,0.0,0.0,0.0,0,2,68,0,0,26
5343,57,57,0.0,97094,33.6,5.5,00:00:45,0.0,0.0,0.0,0,9,65,0,0,21
5343,58,58,0.5,97099,33.6,5.5,00:00:46,0.0,0.0,0.0,0,-6,55,0,0,3
5343,59,59,0.4,97098,33.6,5.5,00:00:47,0.0,0.0,0.0,0,-10,53,0,0,0
5343,60,60,0.2,97096,33.7,5.5,00:00:48,0.0,0.0,0.0,0,-3,54,0,0,359
5343,61,61,0.2,97096,33.7,5.5,00:00:49,0.0,0.0,0.0,0,-4,44,0,0,358
5343,62,62,0.4,97098,33.8,5.5,00:00:50,0.0,0.0,0.0,0,-7,33,0,0,358
5343,63,63,0.2,97096,33.9,5.5,00:00:51,0.0,0.0,0.0,0,-8,27,0,0,8
5343,64,64,0.1,97095,33.9,5.5,00:00:52,0.0,0.0,0.0,0,-9,28,0,0,18
5343,65,65,0.2,97096,33.9,5.5,00:00:53,0.0,0.0,0.0,0,-5,32,0,0,30
5343,66,66,0.1,97095,33.9,5.5,00:00:54,0.0,0.0,0.0,0,-6,33,0,0,30
5343,67,67,0.1,97095,33.9,5.5,00:00:55,0.0,0.0,0.0,0,-6,27,0,0,29
5343,68,68,0.1,97095,34.0,5.5,00:00:55,0.0,0.0,0.0,0,2,19,0,0,26
5343,69,69,0.0,97094,33.9,5.5,00:00:56,0.0,0.0,0.0,0,6,9,0,0,16
5343,70,70,0.1,97095,34.0,5.5,00:00:57,0.0,0.0,0.0,0,3,17,0,0,18
5343,71,71,0.0,97094,34.0,5.5,00:00:58,0.0,0.0,0.0,0,-8,9,0,0,29
5343,72,72,0.1,97095,34.1,5.5,00:00:59,0.0,0.0,0.0,0,-8,22,0,0,26
5343,73,73,0.3,97097,34.1,5.5,00:01:00,0.0,0.0,0.0,0,-11,31,0,0,60
5343,74,74,0.3,97097,34.2,5.5,00:01:01,0.0,0.0,0.0,0,-22,24,0,0,65
5343,75,75,0.4,97098,34.2,5.5,00:01:02,0.0,0.0,0.0,0,-20,30,0,0,68
5343,76,76,0.4,97098,34.2,5.5,00:01:03,0.0,0.0,0.0,0,-18,34,0,0,71
5343,77,77,0.4,97098,34.2,5.5,00:01:04,0.0,0.0,0.0,0,-1,36,0,0,69
5343,78,78,0.1,97095,34.2,5.5,00:01:05,0.0,0.0,0.0,0,0,35,0,0,67
5343,79,79,0.1,97095,34.3,5.5,00:01:06,0.0,0.0,0.0,0,0,35,0,0,68
5343,80,80,0.4,97098,34.3,5.5,00:01:07,0.0,0.0,0.0,0,-23,28,0,0,72
5343,81,81,0.2,97096,34.2,5.5,00:01:08,0.0,0.0,0.0,0,-37,5,0,0,66
5343,82,82,0.4,97098,34.0,5.5,00:01:09,0.0,0.0,0.0,0,-37,0,0,0,36
5343,83,83,0.2,97096,34.0,5.5,00:01:10,0.0,0.0,0.0,0,-40,-6,0,0,23
5343,84,84,0.1,97095,31.4,5.5,23:59:43,0.0,0.0,0.0,0,6,3,180,0,7
5343,85,85,0.2,97096,31.3,5.5,23:59:43,0.0,0.0,0.0,0,6,-1,240,0,12
5343,1,1,0.1,97094,31.2,5.5,23:59:47,0.0,0.0,0.0,0,0,1,180,0,41
5343,2,2,0.1,97094,31.1,5.5,23:59:48,0.0,0.0,0.0,0,-5,0,120,0,34
5343,3,3,0.2,97094,31.2,5.5,23:59:49,0.0,0.0,0.0,0,1,4,150,0,40
5343,4,4,0.1,97094,31.1,5.5,23:59:50,0.0,0.0,0.0,0,-4,8,165,0,43
5343,5,5,0.2,97095,31.1,5.5,23:59:51,0.0,0.0,0.0,0,4,7,142,0,42
5343,6,6,0.2,97094,31.1,5.5,23:59:52,0.0,0.0,0.0,0,-1,2,161,0,41
5343,1,1,0.1,97093,31.2,5.5,23:59:57,0.0,0.0,0.0,0,0,0,570,0,41
5343,2,2,0.2,97094,31.2,5.5,23:59:58,0.0,0.0,0.0,0,0,0,375,0,42
5343,3,3,0.3,97095,31.2,5.5,23:59:59,0.0,0.0,0.0,0,-2,0,217,0,44
5343,4,4,0.3,97095,31.2,5.5,00:00:00,0.0,0.0,0.0,0,1,-5,138,0,39
5343,5,5,0.2,97094,31.2,5.5,00:00:01,0.0,0.0,0.0,0,5,12,129,0,42
5343,6,6,0.2,97094,31.3,5.5,00:00:02,0.0,0.0,0.0,0,17,15,154,0,31
5343,7,7,0.3,97095,31.3,5.5,00:00:03,0.0,0.0,0.0,0,17,19,377,0,32
5343,8,8,0.2,97094,31.3,5.5,00:00:04,0.0,0.0,0.0,0,18,24,278,0,28
5343,9,9,0.2,97094,31.3,5.5,00:00:05,0.0,0.0,0.0,0,22,26,259,0,30
5343,10,10,0.4,97096,31.3,5.5,00:00:06,0.0,0.0,0.0,0,21,26,219,0,31
5343,11,11,0.2,97094,31.4,5.5,00:00:07,0.0,0.0,0.0,0,26,26,199,0,29
5343,12,12,0.3,97094,31.4,5.5,00:00:07,0.0,0.0,0.0,0,26,26,99,0,29
5343,13,13,0.3,97095,31.4,5.5,00:00:08,0.0,0.0,0.0,0,18,17,139,0,30
5343,14,14,0.3,97095,31.4,5.5,00:00:09,0.0,0.0,0.0,0,16,20,159,0,28
5343,15,15,0.3,97095,31.4,5.5,00:00:10,0.0,0.0,0.0,0,19,20,109,0,33
5343,16,16,0.1,97093,31.5,5.5,00:00:11,0.0,0.0,0.0,0,17,2,114,0,32
5343,17,17,0.4,97096,31.5,5.5,00:00:12,0.0,0.0,0.0,0,12,12,147,0,32
5343,18,18,0.2,97094,31.5,5.5,00:00:13,0.0,0.0,0.0,0,18,9,163,0,29
5343,19,19,0.3,97095,31.6,5.5,00:00:14,0.0,0.0,0.0,0,23,14,141,0,25
5343,20,20,0.4,97096,31.6,5.5,00:00:15,0.0,0.0,0.0,0,12,8,100,0,31
5343,21,21,0.1,97092,31.7,5.5,00:00:16,0.0,0.0,0.0,0,15,-7,170,0,33
5343,22,22,0.1,97093,31.7,5.5,00:00:17,0.0,0.0,0.0,0,13,1,205,0,28
5343,23,23,0.1,97092,31.8,5.5,00:00:18,0.0,0.0,0.0,0,13,4,192,0,30
5343,24,24,0.2,97093,31.7,5.5,00:00:19,0.0,0.0,0.0,0,17,7,126,0,31
5343,25,25,0.4,97095,31.7,5.5,00:00:20,0.0,0.0,0.0,0,12,-6,123,0,38
5343,26,26,0.2,97094,31.8,5.5,00:00:21,0.0,0.0,0.0,0,11,3,151,0,33
5343,27,27,0.2,97094,31.8,5.5,00:00:22,0.0,0.0,0.0,0,12,-5,135,0,39
5343,28,28,0.2,97094,31.8,5.5,00:00:23,0.0,0.0,0.0,0,7,-4,187,0,36
5343,29,29,0.1,97093,31.8,5.5,00:00:24,0.0,0.0,0.0,0,8,-5,243,0,36
5343,30,30,0.3,97094,31.8,5.5,00:00:25,0.0,0.0,0.0,0,7,-6,241,0,37
5343,31,31,0.2,97094,31.8,5.5,00:00:26,0.0,0.0,0.0,0,2,-7,240,0,38
5343,32,32,0.2,97094,31.8,5.5,00:00:27,0.0,0.0,0.0,0,7,0,210,0,19
5343,33,33,0.3,97095,31.8,5.5,00:00:28,0.0,0.0,0.0,0,3,8,135,0,20
5343,1,1,0.3,97093,31.9,5.5,00:00:32,0.0,0.0,0.0,0,0,0,0,0,132
5343,2,2,0.5,97095,31.9,5.5,00:00:33,0.0,0.0,0.0,0,0,0,0,0,131
5343,3,3,0.4,97094,32.0,5.5,00:00:34,0.0,0.0,0.0,0,-7,-2,30,0,132
5343,4,4,0.4,97093,32.0,5.5,00:00:35,0.0,0.0,0.0,0,-5,-5,135,0,129
5343,5,5,0.3,97092,32.0,5.5,00:00:36,0.0,0.0,0.0,0,-5,-4,187,0,126
5343,6,6,0.5,97094,32.0,5.5,00:00:37,0.0,0.0,0.0,0,-5,0,213,0,130
5343,7,7,0.4,97094,32.0,5.5,00:00:38,0.0,0.0,0.0,0,-13,-1,226,0,135
5343,8,8,0.4,97094,32.0,5.5,00:00:39,0.0,0.0,0.0,0,-14,-9,233,0,172
5343,9,9,0.4,97094,32.0,5.5,00:00:40,0.0,0.0,0.0,0,-11,-12,176,0,177
5343,10,10,0.4,97094,32.0,5.5,00:00:41,0.0,0.0,0.0,0,-14,-7,178,0,175
5343,11,11,0.3,97093,32.1,5.5,00:00:42,0.0,0.0,0.0,0,0,-12,149,0,175
5343,12,12,0.5,97095,32.0,5.5,00:00:43,0.0,0.0,0.0,0,-5,-11,194,0,177
5343,13,13,0.2,97092,32.1,5.5,00:00:44,0.0,0.0,0.0,0,-9,-16,277,0,177
5343,14,14,0.4,97094,32.1,5.5,00:00:45,0.0,0.0,0.0,0,-10,-2,198,0,180
5343,15,15,0.4,97094,32.1,5.5,00:00:46,0.0,0.0,0.0,0,-13,-1,219,0,177
5343,16,16,0.3,97093,32.2,5.5,00:00:47,0.0,0.0,0.0,0,-11,-2,199,0,176
5343,17,17,0.4,97094,32.2,5.5,00:00:48,0.0,0.0,0.0,0,-14,-1,189,0,178
5343,18,18,0.4,97094,32.2,5.5,00:00:49,0.0,0.0,0.0,0,-11,2,124,0,178
5343,19,19,0.5,97094,32.2,5.5,00:00:50,0.0,0.0,0.0,0,-13,2,62,0,180
5343,20,20,0.4,97094,32.3,5.5,00:00:51,0.0,0.0,0.0,0,-5,16,31,0,179
5343,21,21,0.3,97093,32.3,5.5,00:00:52,0.0,0.0,0.0,0,-10,21,15,0,147
5343,22,22,0.6,97096,32.4,5.5,00:00:53,0.0,0.0,0.0,0,-10,-13,37,0,134
5343,23,23,0.5,97095,32.4,5.5,00:00:54,0.0,0.0,0.0,0,-11,-11,18,0,137
5343,24,24,0.5,97095,32.5,5.5,00:00:55,0.0,0.0,0.0,0,-8,-12,9,0,142
5343,25,25,0.5,97095,32.5,5.5,00:00:56,0.0,0.0,0.0,0,-13,-18,4,0,145
5343,26,26,0.6,97096,32.6,5.5,00:00:57,0.0,0.0,0.0,0,-14,-21,2,0,145
5343,27,27,0.6,97096,32.6,5.5,00:00:58,0.0,0.0,0.0,0,-19,-18,1,0,147
5343,28,28,0.6,97096,32.5,5.5,00:00:59,0.0,0.0,0.0,0,-18,-16,0,0,145
5343,29,29,0.6,97095,32.6,5.5,00:01:00,0.0,0.0,0.0,0,-17,-16,0,0,145
5343,30,30,0.4,97094,32.5,5.5,04:58:56,0.0,0.0,0.0,0,-16,-18,0,0,143
5343,31,31,0.6,97096,32.5,5.5,04:58:57,0.0,0.0,0.0,0,-16,-16,0,0,142
5343,32,32,0.6,97096,32.6,5.5,04:58:58,0.0,0.0,0.0,0,-13,-9,0,0,138
5343,33,33,0.5,97095,32.6,5.5,04:58:59,0.0,0.0,0.0,0,-14,-11,0,0,139
5343,34,34,0.5,97095,32.7,5.5,04:58:59,0.0,0.0,0.0,0,-14,-9,0,0,138
5343,35,35,0.4,97094,32.7,5.5,04:59:00,0.0,0.0,0.0,0,-7,3,0,0,172
5343,36,36,0.6,97095,32.8,5.5,04:59:01,0.0,0.0,0.0,0,-13,9,0,0,186
5343,37,37,0.4,97094,32.8,5.5,04:59:02,0.0,0.0,0.0,0,-12,2,0,0,179
5343,38,38,0.5,97095,32.8,5.5,04:59:03,0.0,0.0,0.0,0,11,7,0,0,173
5343,39,39,0.3,97092,32.8,5.5,04:59:04,0.0,0.0,0.0,0,21,0,0,0,183
5343,40,40,0.2,97091,32.8,5.5,04:59:05,0.0,0.0,0.0,0,28,2,0,0,182
5343,41,41,0.3,97093,32.8,5.5,04:59:06,0.0,0.0,0.0,0,18,0,0,0,163
5343,42,42,0.2,97092,32.9,5.5,04:59:07,0.0,0.0,0.0,0,14,-13,0,0,156
5343,43,43,0.2,97091,32.9,5.5,04:59:08,0.0,0.0,0.0,0,51,-1,0,0,102
5343,44,44,0.1,97091,32.9,5.5,04:59:09,0.0,0.0,0.0,0,42,-1,0,0,110
5343,45,45,0.1,97090,32.9,5.5,04:59:10,0.0,0.0,0.0,0,38,4,0,0,98
5343,46,46,0.1,97090,32.9,5.5,04:59:11,0.0,0.0,0.0,0,54,2,0,0,96
5343,47,47,0.2,97092,32.9,5.5,04:59:12,0.0,0.0,0.0,0,51,0,0,0,105
5343,48,48,0.1,97091,32.9,5.5,04:59:13,0.0,0.0,0.0,0,54,5,0,0,107
5343,49,49,0.1,97090,32.9,5.5,04:59:14,0.0,0.0,0.0,0,59,0,0,0,114
5343,50,50,0.2,97091,32.9,5.5,04:59:15,0.0,0.0,0.0,0,-1,14,0,0,153
5343,51,51,0.2,97091,32.9,5.5,04:59:16,0.0,0.0,0.0,0,-5,-2,0,0,142
5343,52,52,0.2,97091,32.9,5.5,04:59:17,0.0,0.0,0.0,0,-7,0,0,0,143
5343,53,53,0.2,97091,33.0,5.5,04:59:18,0.0,0.0,0.0,0,-10,0,0,0,145
5343,54,54,0.2,97091,33.1,5.5,04:59:19,0.0,0.0,0.0,0,-10,-1,0,0,146
5343,55,55,0.3,97093,33.1,5.5,04:59:20,0.0,0.0,0.0,0,-7,5,0,0,143
5343,56,56,0.4,97093,33.2,5.5,04:59:21,0.0,0.0,0.0,0,-13,12,0,0,146
5343,57,57,0.1,97091,33.1,5.5,04:59:22,0.0,0.0,0.0,0,-13,-13,0,0,172
5343,58,58,0.1,97091,33.1,5.5,04:59:23,0.0,0.0,0.0,0,7,5,0,0,180
5343,59,59,0.3,97093,33.0,5.5,04:59:24,0.0,0.0,0.0,0,19,-31,0,0,231
5343,60,60,0.3,97093,33.0,5.5,04:59:25,0.0,0.0,0.0,0,6,-29,0,0,220
5343,61,61,0.0,97089,33.0,5.5,04:59:26,0.0,0.0,0.0,0,8,-24,0,0,167
5343,62,62,0.4,97084,31.0,5.5,23:59:43,0.0,0.0,0.0,0,32,-16,0,0,5
5343,63,63,0.3,97085,31.0,5.5,23:59:43,0.0,0.0,0.0,0,37,-15,60,0,9
5343,64,64,0.2,97087,30.9,5.5,23:59:44,0.0,0.0,0.0,0,37,-12,120,0,11
5343,65,65,0.4,97084,30.9,5.5,23:59:45,0.0,0.0,0.0,0,36,-13,120,0,9
5343,66,66,0.4,97084,30.9,5.5,23:59:46,0.0,0.0,0.0,0,38,-16,120,0,2
5343,67,67,0.4,97084,30.9,5.5,23:59:47,0.0,0.0,0.0,0,35,-23,120,0,358
5343,68,68,0.2,97086,31.0,5.5,23:59:48,0.0,0.0,0.0,0,25,-25,90,0,357
5343,69,69,0.2,97086,31.0,5.5,23:59:49,0.0,0.0,0.0,0,31,-27,135,0,357
5343,70,70,0.2,97086,31.0,5.5,23:59:50,0.0,0.0,0.0,0,38,-26,157,0,2
5343,71,71,0.3,97085,31.0,5.5,23:59:51,0.0,0.0,0.0,0,41,-28,198,0,359
5343,72,72,0.3,97085,31.0,5.5,23:59:52,0.0,0.0,0.0,0,32,-30,189,0,354
5343,73,73,0.2,97086,31.0,5.5,23:59:53,0.0,0.0,0.0,0,33,-30,214,0,355
5343,74,74,0.4,97084,31.0,5.5,23:59:54,0.0,0.0,0.0,0,15,-24,197,0,2
5343,76,76,0.2,97086,29.6,5.5,23:59:43,0.0,0.0,0.0,0,5,1,0,0,359
5343,77,77,0.4,97084,29.6,5.5,23:59:43,0.0,0.0,0.0,0,23,4,0,0,0
5343,78,78,0.2,97087,29.6,5.5,23:59:44,0.0,0.0,0.0,0,10,-11,0,0,6
5343,79,79,0.6,97082,29.6,5.5,23:59:45,0.0,0.0,0.0,0,-61,15,0,0,130
5343,80,80,0.4,97084,30.0,5.5,23:59:43,0.0,0.0,0.0,0,-1,1,0,0,358
5343,81,81,0.5,97083,30.0,5.5,23:59:43,0.0,0.0,0.0,0,-27,-2,0,0,342
5343,82,82,0.3,97085,30.1,5.5,23:59:44,0.0,0.0,0.0,0,-42,0,0,0,333
5343,83,83,0.2,97086,30.0,5.5,23:59:45,0.0,0.0,0.0,0,-60,-13,0,0,332
5343,84,84,0.2,97086,30.0,5.5,23:59:46,0.0,0.0,0.0,0,-8,-5,0,0,343
5343,85,85,0.5,97095,29.4,5.5,23:59:43,0.0,0.0,0.0,0,15,9,0,0,3
5343,86,86,0.6,97096,29.3,5.5,23:59:43,0.0,0.0,0.0,0,16,9,0,0,3
5343,87,87,0.6,97096,29.3,5.5,23:59:44,0.0,0.0,0.0,0,28,6,0,0,6
5343,88,88,0.6,97096,29.3,5.5,23:59:45,0.0,0.0,0.0,0,27,6,0,0,5
5343,89,89,-5.5,97149,29.4,5.5,23:59:46,0.0,0.0,0.0,0,28,-1,0,0,6
5343,90,90,-10.0,97198,29.4,5.5,23:59:47,0.0,0.0,0.0,0,28,6,0,0,7
5343,91,91,0.4,97094,29.4,5.5,23:59:48,0.0,0.0,0.0,0,28,6,0,0,7
5343,1,1,0.1,97096,29.5,5.5,23:59:53,0.0,0.0,0.0,0,0,0,0,0,7
5343,2,2,0.0,97094,29.5,5.5,23:59:54,0.0,0.0,0.0,0,0,0,0,0,7
5343,3,3,0.0,97094,29.5,5.5,23:59:55,0.0,0.0,0.0,0,0,0,0,0,7
5343,4,4,0.1,97096,29.5,5.5,23:59:56,0.0,0.0,0.0,0,0,0,0,0,7
5343,5,5,0.2,97091,29.5,5.5,23:59:57,0.0,0.0,0.0,0,0,0,0,0,7
5343,6,6,1.1,97081,29.6,5.5,23:59:58,0.0,0.0,0.0,0,0,0,0,0,7
5343,7,7,0.2,97091,29.6,5.5,23:59:59,0.0,0.0,0.0,0,0,0,0,0,7
5343,8,8,0.1,97092,29.7,5.5,00:00:00,0.0,0.0,0.0,0,0,0,0,0,7
5343,9,9,0.0,97093,29.7,5.5,00:00:01,0.0,0.0,0.0,0,0,0,0,0,7
5343,10,10,0.0,97094,29.7,5.5,00:00:02,0.0,0.0,0.0,0,0,0,0,0,7
5343,11,11,0.4,97099,29.7,5.5,00:00:03,0.0,0.0,0.0,0,0,0,0,0,7
5343,12,12,-1.1,97107,29.8,5.5,00:00:04,0.0,0.0,0.0,0,-2,0,0,0,48
5343,13,13,0.5,97100,29.8,5.5,00:00:05,0.0,0.0,0.0,0,0,0,0,0,352
5343,14,14,0.2,97096,29.8,5.5,00:00:06,0.0,0.0,0.0,0,-48,-17,0,0,351
5343,15,15,0.3,97090,29.8,5.5,00:00:06,0.0,0.0,0.0,0,0,0,0,0,357
5343,16,16,0.0,97095,29.9,5.5,00:00:07,0.0,0.0,0.0,0,8,0,0,0,0
5343,17,17,0.4,97089,30.0,5.5,00:00:08,0.0,0.0,0.0,0,0,0,0,0,358
5343,18,18,-1.8,97115,30.0,5.5,00:00:09,0.0,0.0,0.0,0,0,0,0,0,358
5343,19,19,26.2,96806,30.0,5.5,00:00:10,0.0,0.0,0.0,0,0,0,0,0,358
5343,20,20,52.6,96519,30.1,5.5,00:00:11,0.0,0.0,0.0,0,0,0,0,0,358
5343,21,21,76.0,96264,30.1,5.5,00:00:12,0.0,0.0,0.0,0,0,0,0,0,358
5343,22,22,96.4,96041,30.1,5.5,00:00:13,0.0,0.0,0.0,0,0,0,0,0,358
5343,23,23,115.7,95832,30.2,5.5,00:00:14,0.0,0.0,0.0,0,0,0,0,0,358
5343,24,24,134.2,95632,30.2,5.5,00:00:15,0.0,0.0,0.0,0,0,0,0,0,358
5343,25,25,151.0,95450,30.3,5.5,00:00:16,0.0,0.0,0.0,0,0,0,0,0,358
5343,26,26,166.1,95287,30.3,5.5,00:00:17,0.0,0.0,0.0,0,0,0,0,0,358
5343,27,27,180.7,95130,30.3,5.5,00:00:18,0.0,0.0,0.0,0,0,0,0,0,358
5343,28,28,194.9,94977,30.3,5.5,00:00:19,0.0,0.0,0.0,0,0,0,0,0,358
5343,29,29,208.0,94835,30.4,5.5,00:00:20,0.0,0.0,0.0,0,0,0,0,0,358
5343,30,30,220.9,94696,30.4,5.5,00:00:21,0.0,0.0,0.0,0,0,0,0,0,358
5343,31,31,233.5,94561,30.4,5.5,00:00:22,0.0,0.0,0.0,0,0,0,0,0,358
5343,32,32,245.2,94436,30.4,5.5,00:00:23,0.0,0.0,0.0,0,0,0,0,0,358
5343,33,33,257.6,94303,30.4,5.5,00:00:24,0.0,0.0,0.0,0,0,0,0,0,358
5343,34,34,268.8,94183,30.5,5.5,00:00:25,0.0,0.0,0.0,0,0,0,0,0,358
5343,35,35,280.1,94063,30.5,5.5,00:00:26,0.0,0.0,0.0,0,0,0,0,0,358
5343,36,36,290.7,93950,30.6,5.5,00:00:27,0.0,0.0,0.0,0,0,0,0,0,358
5343,37,37,301.7,93832,30.6,5.5,00:00:28,0.0,0.0,0.0,0,0,0,0,0,358
5343,38,38,312.4,93718,30.6,5.5,00:00:29,0.0,0.0,0.0,0,0,0,0,0,358
5343,39,39,322.5,93611,30.7,5.5,00:00:30,0.0,0.0,0.0,0,0,0,0,0,358
5343,40,40,333.1,93498,30.6,5.5,00:00:31,0.0,0.0,0.0,0,0,0,0,0,358
5343,41,41,343.2,93390,30.6,5.5,00:00:32,0.0,0.0,0.0,0,0,0,0,0,358
5343,42,42,352.9,93287,30.6,5.5,00:00:33,0.0,0.0,0.0,0,0,0,0,0,358
5343,43,43,362.2,93189,30.7,5.5,00:00:34,0.0,0.0,0.0,0,0,0,0,0,358
5343,44,44,372.3,93082,30.6,5.5,00:00:35,0.0,0.0,0.0,0,0,0,0,0,358
5343,45,45,381.8,92981,30.6,5.5,00:00:36,0.0,0.0,0.0,0,0,0,0,0,358
5343,46,46,392.0,92873,30.7,5.5,00:00:37,0.0,0.0,0.0,0,0,0,0,0,358
5343,47,47,401.4,92774,30.7,5.5,00:00:38,0.0,0.0,0.0,0,0,0,0,0,358
5343,48,48,411.2,92670,30.7,5.5,00:00:38,0.0,0.0,0.0,0,0,0,0,0,358
5343,49,49,420.6,92571,30.8,5.5,00:00:39,0.0,0.0,0.0,0,0,0,0,0,358
5343,50,50,429.8,92474,30.8,5.5,00:00:40,0.0,0.0,0.0,0,0,0,0,0,358
5343,51,51,438.8,92380,30.8,5.5,00:00:41,0.0,0.0,0.0,0,0,0,0,0,358
5343,52,52,448.2,92281,30.8,5.5,00:00:42,0.0,0.0,0.0,0,0,0,0,0,358
5343,53,53,457.7,92181,30.9,5.5,00:00:43,0.0,0.0,0.0,0,0,0,0,0,358
5343,54,54,466.6,92087,30.9,5.5,00:00:44,0.0,0.0,0.0,0,0,0,0,1,358
5343,55,55,476.0,91989,30.9,5.5,00:00:45,0.0,0.0,0.0,0,0,0,0,1,358
5343,56,56,484.8,91896,30.9,5.5,00:00:46,0.0,0.0,0.0,0,0,0,0,1,358
5343,57,57,494.0,91800,31.0,5.5,00:00:47,0.0,0.0,0.0,0,0,0,0,1,358
5343,58,58,502.5,91711,31.0,5.5,00:00:48,0.0,0.0,0.0,0,0,0,0,1,358
5343,59,59,511.4,91617,31.0,5.5,00:00:49,0.0,0.0,0.0,0,0,0,0,1,358
5343,60,60,519.9,91529,31.0,5.5,00:00:50,0.0,0.0,0.0,0,0,0,0,1,358
5343,61,61,528.4,91440,31.0,5.5,00:00:51,0.0,0.0,0.0,0,0,0,0,1,358
5343,62,62,536.2,91358,31.0,5.5,00:00:52,0.0,0.0,0.0,0,0,0,0,1,358
5343,63,63,544.2,91276,31.1,5.5,00:00:53,0.0,0.0,0.0,0,0,0,0,1,358
5343,64,64,551.8,91196,31.1,5.5,00:00:54,0.0,0.0,0.0,0,0,0,0,1,358
5343,65,65,559.7,91114,31.1,5.5,00:00:55,0.0,0.0,0.0,0,0,0,0,1,358
5343,66,66,567.3,91035,31.1,5.5,00:00:56,0.0,0.0,0.0,0,0,0,0,1,358
5343,67,67,575.0,90955,31.2,5.5,00:00:57,0.0,0.0,0.0,0,0,0,0,1,358
5343,68,68,582.2,90880,31.2,5.5,00:00:58,0.0,0.0,0.0,0,0,0,0,1,358
5343,69,69,589.8,90801,31.2,5.5,00:00:59,0.0,0.0,0.0,0,0,0,0,1,358
5343,70,70,597.2,90724,31.2,5.5,00:01:00,0.0,0.0,0.0,0,0,0,0,1,358
5343,71,71,604.5,90649,31.3,5.5,00:01:01,0.0,0.0,0.0,0,0,0,0,1,358
5343,72,72,611.1,90580,31.4,5.5,00:01:02,0.0,0.0,0.0,0,0,0,0,1,358
5343,73,73,618.5,90503,31.3,5.5,00:01:03,0.0,0.0,0.0,0,0,0,0,1,358
5343,74,74,625.8,90428,31.4,5.5,00:01:04,0.0,0.0,0.0,0,0,0,0,1,358
5343,75,75,632.9,90354,31.3,5.5,00:01:05,0.0,0.0,0.0,0,0,0,0,1,358
5343,76,76,640.0,90281,31.4,5.5,00:01:06,0.0,0.0,0.0,0,0,0,0,1,358
5343,77,77,646.7,90212,31.5,5.5,00:01:07,0.0,0.0,0.0,0,0,0,0,1,358
5343,78,78,653.6,90141,31.4,5.5,00:01:08,0.0,0.0,0.0,0,0,0,0,1,358
5343,79,79,659.9,90075,31.5,5.5,00:01:09,0.0,0.0,0.0,0,0,0,0,1,358
5343,80,80,666.7,90005,31.5,5.5,00:01:10,0.0,0.0,0.0,0,0,0,0,1,358
5343,81,81,673.3,89938,31.5,5.5,00:01:10,0.0,0.0,0.0,0,0,0,0,1,358
5343,82,82,679.6,89873,31.5,5.5,00:01:11,0.0,0.0,0.0,0,0,0,0,1,358
5343,83,83,685.5,89812,31.6,5.5,00:01:12,0.0,0.0,0.0,0,0,0,0,1,358
5343,84,84,692.3,89742,31.6,5.5,00:01:13,0.0,0.0,0.0,0,0,0,0,1,358
5343,85,85,698.8,89675,31.5,5.5,00:01:14,0.0,0.0,0.0,0,0,0,0,1,358
5343,86,86,703.8,89624,31.6,5.5,00:01:15,0.0,0.0,0.0,0,0,0,0,1,358
5343,87,87,710.5,89555,31.6,5.5,00:01:16,0.0,0.0,0.0,0,0,0,0,1,358
5343,88,88,716.9,89489,31.7,5.5,00:01:17,0.0,0.0,0.0,0,0,0,0,1,358
5343,89,89,723.2,89424,31.7,5.5,00:01:18,0.0,0.0,0.0,0,0,0,0,1,358
5343,90,90,728.9,89367,31.6,5.5,00:01:19,0.0,0.0,0.0,0,0,0,0,1,358
5343,91,91,734.2,89312,31.7,5.5,00:01:20,0.0,0.0,0.0,0,0,0,0,1,358
5343,92,92,740.0,89252,31.7,5.5,00:01:21,0.0,0.0,0.0,0,0,0,0,1,358
5343,93,93,745.9,89192,31.7,5.5,00:01:22,0.0,0.0,0.0,0,0,0,0,1,358
5343,94,94,752.0,89130,31.8,5.5,00:01:23,0.0,0.0,0.0,0,0,0,0,1,358
5343,95,95,757.2,89076,31.8,5.5,00:01:24,0.0,0.0,0.0,0,0,0,0,1,358
5343,96,96,762.9,89018,31.8,5.5,00:01:25,0.0,0.0,0.0,0,0,0,0,1,358
5343,97,97,769.2,88954,31.8,5.5,00:01:26,0.0,0.0,0.0,0,0,0,0,1,358
5343,98,98,775.3,88892,31.8,5.5,00:01:27,0.0,0.0,0.0,0,0,0,0,1,358
5343,99,99,774.3,88901,31.8,5.5,00:01:28,0.0,0.0,0.0,0,0,0,0,1,358
5343,100,100,770.8,88938,31.8,5.5,00:01:29,0.0,0.0,0.0,0,0,0,0,1,358
5343,101,101,767.2,88974,31.9,5.5,00:01:30,0.0,0.0,0.0,0,0,0,0,1,358
5343,102,102,763.8,89009,31.9,5.5,00:01:31,0.0,0.0,0.0,0,0,0,0,1,358
5343,103,103,760.5,89043,31.9,5.5,00:01:32,0.0,0.0,0.0,0,0,0,0,1,358
5343,104,104,757.5,89073,31.9,5.5,00:01:33,0.0,0.0,0.0,0,0,0,0,1,358
5343,105,105,754.6,89103,32.0,5.5,00:01:34,0.0,0.0,0.0,0,0,0,0,1,358
5343,106,106,751.8,89131,31.9,5.5,00:01:35,0.0,0.0,0.0,0,0,0,0,1,358
5343,107,107,749.2,89159,32.0,5.5,00:01:36,0.0,0.0,0.0,0,0,0,0,1,358
5343,108,108,746.7,89184,32.0,5.5,00:01:37,0.0,0.0,0.0,0,0,0,0,1,358
5343,109,109,743.8,89214,32.0,5.5,00:01:38,0.0,0.0,0.0,0,0,0,0,1,358
5343,110,110,741.5,89237,32.1,5.5,00:01:39,0.0,0.0,0.0,0,0,0,0,1,358
5343,111,111,739.1,89262,32.1,5.5,00:01:40,0.0,0.0,0.0,0,0,0,0,1,358
5343,112,112,736.5,89289,32.1,5.5,00:01:41,0.0,0.0,0.0,0,0,0,0,1,358
5343,113,113,734.0,89314,32.1,5.5,00:01:41,0.0,0.0,0.0,0,0,0,0,1,358
5343,114,114,731.6,89339,32.1,5.5,00:01:42,0.0,0.0,0.0,0,0,0,0,1,358
5343,115,115,729.2,89363,32.2,5.5,00:01:43,0.0,0.0,0.0,0,0,0,0,1,358
5343,116,116,723.2,89425,32.2,5.5,00:01:44,0.0,0.0,0.0,0,0,0,0,1,358
5343,117,117,718.9,89469,32.3,5.5,00:01:45,0.0,0.0,0.0,0,0,0,0,1,358
5343,118,118,711.9,89540,32.3,5.5,00:01:46,0.0,0.0,0.0,0,0,0,0,1,358
5343,119,119,706.0,89601,32.4,5.5,00:01:47,0.0,0.0,0.0,0,0,0,0,1,358
5343,120,120,701.0,89652,32.3,5.5,00:01:48,0.0,0.0,0.0,0,0,0,0,1,358
5343,121,121,696.6,89698,32.4,5.5,00:01:49,0.0,0.0,0.0,0,0,0,0,1,358
5343,122,122,691.4,89751,32.3,5.5,00:01:50,0.0,0.0,0.0,0,0,0,0,1,358
5343,123,123,664.7,90026,32.3,5.5,00:01:51,0.0,0.0,0.0,0,0,0,0,1,358
5343,124,124,641.9,90261,32.4,5.5,00:01:52,0.0,0.0,0.0,0,0,0,0,1,358
5343,125,125,607.3,90619,32.4,5.5,00:01:53,0.0,0.0,0.0,0,0,0,0,1,358
5343,126,126,559.5,91116,32.4,5.5,00:01:54,0.0,0.0,0.0,0,0,0,0,1,358
5343,127,127,516.7,91562,32.4,5.5,00:01:55,0.0,0.0,0.0,0,0,0,0,1,358
5343,128,128,475.4,91995,32.4,5.5,00:01:56,0.0,0.0,0.0,0,0,0,0,1,358
5343,129,129,436.2,92407,32.5,5.5,00:01:57,0.0,0.0,0.0,0,-1,1,0,2,358
5343,130,130,400.1,92787,32.5,5.5,00:01:58,0.0,0.0,0.0,0,-1,1,0,2,358
5343,131,131,364.4,93165,32.5,5.5,00:01:59,0.0,0.0,0.0,0,-1,1,0,2,358
5343,132,132,330.7,93523,32.5,5.5,00:02:00,0.0,0.0,0.0,0,-1,1,0,2,358
5343,133,133,299.4,93856,32.5,5.5,00:02:01,0.0,0.0,0.0,0,-1,1,0,2,358
5343,134,134,268.8,94183,32.5,5.5,00:02:02,0.0,0.0,0.0,0,-1,1,0,2,358
5343,135,135,239.6,94496,32.5,5.5,00:02:03,0.0,0.0,0.0,0,-1,1,0,2,358
5343,136,136,213.0,94781,32.6,5.5,00:02:04,0.0,0.0,0.0,0,-1,1,0,2,358
5343,137,137,186.6,95066,32.6,5.5,00:02:05,0.0,0.0,0.0,0,-1,1,0,2,358
5343,138,138,161.5,95336,32.6,5.5,00:02:06,0.0,0.0,0.0,0,-1,1,0,2,358
5343,139,139,132.6,95649,32.7,5.5,00:02:07,0.0,0.0,0.0,0,-1,1,0,2,358
5343,140,140,91.9,96091,32.7,5.5,00:02:08,0.0,0.0,0.0,0,-1,1,0,2,358
5343,141,141,59.2,96446,32.7,5.5,00:02:09,0.0,0.0,0.0,0,-1,1,0,2,358
5343,142,142,35.3,96708,32.7,5.5,00:02:10,0.0,0.0,0.0,0,-1,1,0,2,358
5343,143,143,20.1,96874,32.7,5.5,00:02:11,0.0,0.0,0.0,0,-1,1,0,2,358
5343,144,144,11.8,96964,32.7,5.5,00:02:12,0.0,0.0,0.0,0,-1,1,0,3,358
5343,145,145,7.1,97016,32.7,5.3,00:02:13,0.0,0.0,0.0,0,-1,1,0,3,358
5343,146,146,4.6,97043,32.6,5.5,00:02:14,0.0,0.0,0.0,0,-1,1,0,3,358
5343,147,147,3.5,97055,32.7,5.5,00:02:14,0.0,0.0,0.0,0,-1,1,0,3,358
5343,148,148,2.7,97064,32.7,5.3,00:02:15,0.0,0.0,0.0,0,-1,1,0,3,358
5343,149,149,2.0,97072,32.7,5.4,00:02:16,0.0,0.0,0.0,0,-1,1,0,3,358
5343,150,150,1.6,97076,32.7,5.5,00:02:17,0.0,0.0,0.0,0,-1,1,0,3,358
5343,151,151,0.7,97086,32.8,5.4,00:02:18,0.0,0.0,0.0,0,-1,1,0,3,358
5343,152,152,0.3,97090,33.0,5.3,00:02:19,0.0,0.0,0.0,0,-1,1,0,3,358
5343,153,153,0.3,97090,32.8,5.3,00:02:20,0.0,0.0,0.0,0,-1,1,0,3,358
5343,154,154,0.5,97089,32.9,5.3,00:02:21,0.0,0.0,0.0,0,-1,1,0,3,358
5343,155,155,0.0,97093,32.9,5.4,00:02:22,0.0,0.0,0.0,0,-1,1,0,3,358
5343,156,156,0.1,97093,32.9,5.3,00:02:23,0.0,0.0,0.0,0,-1,1,0,3,358
5343,157,157,0.2,97091,32.9,5.4,00:02:24,0.0,0.0,0.0,0,-2,1,0,3,358
5343,158,158,0.2,97092,32.9,5.3,00:02:25,0.0,0.0,0.0,0,-2,1,0,3,358
5343,159,159,0.1,97093,32.9,5.5,00:02:26,0.0,0.0,0.0,0,-2,1,0,3,358
5343,160,160,0.2,97091,32.9,5.5,00:02:27,0.0,0.0,0.0,0,-2,1,0,3,358
5343,161,161,0.1,97093,32.9,5.5,00:02:28,0.0,0.0,0.0,0,-2,1,0,3,358
5343,162,162,0.3,97090,32.9,5.4,00:02:29,0.0,0.0,0.0,0,-2,2,0,3,358
5343,163,163,0.0,97093,33.0,5.3,00:02:30,0.0,0.0,0.0,0,-2,2,0,3,359
5343,164,164,0.1,97092,32.9,5.5,00:02:31,0.0,0.0,0.0,0,-2,2,0,3,359
