Team ID,Mission Time,Packet Count,Altitude,Pressure,Temperature,Voltage,GPS Time,GPS Latitude,GPS Longitude,GPS Altitude,GPS Sats,Pitch,Roll,Blade Spin Rate,Flight State,Bonus Direction
5343,5,130,0,78850,15,0,00:01:44,0.0,0.0,0.0,0,0,0,0,0,0
5343,6,157,0,78851,15,0,00:01:45,0.0,0.0,0.0,0,0,0,0,0,0
5343,7,184,0,78849,15,0,00:01:46,0.0,0.0,0.0,0,0,0,0,0,0
5343,8,211,0,78850,15,0,00:01:47,0.0,0.0,0.0,0,0,0,0,0,0
5343,9,238,0,78850,15,0,00:01:48,0.0,0.0,0.0,0,0,0,0,0,0
5343,10,265,0,78850,15,0,00:01:49,0.0,0.0,0.0,0,0,0,0,0,0
5343,1,22,0,78849,15,0,23:59:44,0.0,0.0,0.0,0,0,0,0,0,0
5343,2,49,0,78849,15,0,23:59:44,0.0,0.0,0.0,0,0,0,0,0,0
5343,3,76,0,78850,15,0,23:59:45,0.0,0.0,0.0,0,0,0,0,0,0
5343,4,103,0,78850,15,0,23:59:46,0.0,0.0,0.0,0,0,0,0,0,0
5343,5,130,0,78850,15,0,23:59:47,0.0,0.0,0.0,0,0,0,0,0,0
5343,6,157,0,78849,15,0,23:59:48,0.0,0.0,0.0,0,0,0,0,0,0
5343,7,184,0,78849,15,0,23:59:49,0.0,0.0,0.0,0,0,0,0,0,0
5343,8,211,0,78850,15,0,23:59:50,0.0,0.0,0.0,0,0,0,0,0,0
5343,9,238,0,78849,15,0,23:59:51,0.0,0.0,0.0,0,0,0,0,0,0
5343,10,265,0,78849,15,0,23:59:52,0.0,0.0,0.0,0,0,0,0,0,0
5343,11,292,0,78849,15,0,23:59:53,0.0,0.0,0.0,0,0,0,0,0,0
5343,12,319,0,78850,15,0,23:59:54,0.0,0.0,0.0,0,0,0,0,0,0
5343,13,346,0,78850,15,0,23:59:55,0.0,0.0,0.0,0,0,0,0,0,0
5343,14,372,0,78850,15,0,23:59:56,0.0,0.0,0.0,0,0,0,0,0,0
5343,15,399,0,78851,15,0,23:59:57,0.0,0.0,0.0,0,0,0,0,0,0
5343,16,426,0,78849,15,0,23:59:58,0.0,0.0,0.0,0,0,0,0,0,0
5343,17,453,0,78850,15,0,23:59:59,0.0,0.0,0.0,0,0,0,0,0,0
5343,18,480,0,78849,15,0,00:00:00,0.0,0.0,0.0,0,0,0,0,0,0
5343,19,507,0,78852,15,0,00:00:01,0.0,0.0,0.0,0,0,0,0,0,0
5343,20,534,0,78849,15,0,00:00:02,0.0,0.0,0.0,0,0,0,0,0,0
5343,21,561,0,78849,15,0,00:00:03,0.0,0.0,0.0,0,0,0,0,0,0
5343,22,588,0,78851,15,0,00:00:04,0.0,0.0,0.0,0,0,0,0,0,0
5343,23,615,0,78849,15,0,00:00:05,0.0,0.0,0.0,0,0,0,0,0,0
5343,24,642,0,78849,15,0,00:00:06,0.0,0.0,0.0,0,0,0,0,0,0
5343,25,669,0,78849,15,0,00:00:07,0.0,0.0,0.0,0,0,0,0,0,0
5343,26,696,0,78849,15,0,00:00:08,0.0,0.0,0.0,0,0,0,0,0,0
5343,27,723,0,78849,15,0,00:00:09,0.0,0.0,0.0,0,0,0,0,0,0
5343,28,749,0,78850,15,0,00:00:10,0.0,0.0,0.0,0,0,0,0,0,0
5343,29,776,0,78848,15,0,00:00:11,0.0,0.0,0.0,0,0,0,0,0,0
5343,30,803,0,78849,15,0,00:00:11,0.0,0.0,0.0,0,0,0,0,0,0
5343,31,830,0,78849,15,0,00:00:12,0.0,0.0,0.0,0,0,0,0,0,0
5343,32,857,0,78850,15,0,00:00:13,0.0,0.0,0.0,0,0,0,0,0,0
5343,33,884,0,78849,15,0,00:00:14,0.0,0.0,0.0,0,0,0,0,0,0
5343,34,911,0,78849,15,0,00:00:15,0.0,0.0,0.0,0,0,0,0,0,0
5343,35,938,0,78850,15,0,00:00:16,0.0,0.0,0.0,0,0,0,0,0,0
5343,36,965,0,78850,15,0,00:00:17,0.0,0.0,0.0,0,0,0,0,0,0
5343,37,992,0,78849,15,0,00:00:18,0.0,0.0,0.0,0,0,0,0,0,0
5343,38,1019,0,78852,15,0,00:00:19,0.0,0.0,0.0,0,0,0,0,0,0
5343,39,1046,0,78851,15,0,00:00:20,0.0,0.0,0.0,0,0,0,0,0,0
5343,40,1073,0,78850,15,0,00:00:21,0.0,0.0,0.0,0,0,0,0,0,0
5343,41,1099,0,78849,15,0,00:00:22,0.0,0.0,0.0,0,0,0,0,0,0
5343,42,1126,0,78848,15,0,00:00:23,0.0,0.0,0.0,0,0,0,0,0,0
5343,43,1153,0,78845,15,0,00:00:24,0.0,0.0,0.0,0,0,0,0,0,0
5343,44,1180,0,78844,15,0,00:00:25,0.0,0.0,0.0,0,0,0,0,0,0
5343,45,1207,0,78843,15,0,00:00:26,0.0,0.0,0.0,0,0,0,0,0,0
5343,46,1234,0,78847,15,0,00:00:27,0.0,0.0,0.0,0,0,0,0,0,0
5343,47,1261,0,78846,15,0,00:00:28,0.0,0.0,0.0,0,0,0,0,0,0
5343,48,1288,0,78849,15,0,00:00:29,0.0,0.0,0.0,0,0,0,0,0,0
5343,49,1315,0,78850,15,0,00:00:30,0.0,0.0,0.0,0,0,0,0,0,0
5343,50,1341,0,78848,15,0,00:00:31,0.0,0.0,0.0,0,0,0,0,0,0
5343,51,1368,0,78847,15,0,00:00:32,0.0,0.0,0.0,0,0,0,0,0,0
5343,52,1395,0,78847,15,0,00:00:33,0.0,0.0,0.0,0,0,0,0,0,0
5343,53,1422,0,78847,15,0,00:00:34,0.0,0.0,0.0,0,0,0,0,0,0
5343,54,1449,0,78848,15,0,00:00:35,0.0,0.0,0.0,0,0,0,0,0,0
5343,55,1476,0,78843,15,0,00:00:36,0.0,0.0,0.0,0,0,0,0,0,0
5343,56,1503,0,78844,15,0,00:00:37,0.0,0.0,0.0,0,0,0,0,0,0
5343,57,1530,0,78844,15,0,00:00:38,0.0,0.0,0.0,0,0,0,0,0,0
5343,58,1557,0,78845,15,0,00:00:38,0.0,0.0,0.0,0,0,0,0,0,0
5343,59,1584,0,78842,15,0,00:00:39,0.0,0.0,0.0,0,0,0,0,0,0
5343,60,1610,0,78841,15,0,00:00:40,0.0,0.0,0.0,0,0,0,0,0,0
5343,61,1637,0,78840,15,0,00:00:41,0.0,0.0,0.0,0,0,0,0,0,0
5343,62,1664,0,78840,15,0,00:00:42,0.0,0.0,0.0,0,0,0,0,0,0
5343,63,1691,1,78836,15,0,00:00:43,0.0,0.0,0.0,0,0,0,0,0,0
5343,64,1718,1,78836,15,0,00:00:44,0.0,0.0,0.0,0,0,0,0,0,0
5343,65,1745,0,78838,15,0,00:00:45,0.0,0.0,0.0,0,0,0,0,0,0
5343,66,1772,0,78839,15,0,00:00:46,0.0,0.0,0.0,0,0,0,0,0,0
5343,67,1799,0,78838,15,0,00:00:47,0.0,0.0,0.0,0,0,0,0,0,0
5343,68,1826,1,78834,15,0,00:00:48,0.0,0.0,0.0,0,0,0,0,0,0
5343,69,1852,1,78835,15,0,00:00:49,0.0,0.0,0.0,0,0,0,0,0,0
5343,70,1879,1,78835,15,0,00:00:50,0.0,0.0,0.0,0,0,0,0,0,0
5343,71,1906,1,78834,15,0,00:00:51,0.0,0.0,0.0,0,0,0,0,0,0
5343,72,1933,1,78835,15,0,00:00:52,0.0,0.0,0.0,0,0,0,0,0,0
5343,73,1960,1,78835,15,0,00:00:53,0.0,0.0,0.0,0,0,0,0,0,0
5343,74,1987,0,78840,15,0,00:00:54,0.0,0.0,0.0,0,0,0,0,0,0
5343,75,2014,0,78842,15,0,00:00:55,0.0,0.0,0.0,0,0,0,0,0,0
5343,76,2041,0,78851,15,0,00:00:56,0.0,0.0,0.0,0,0,0,0,0,0
5343,77,2068,0,78856,15,0,00:00:57,0.0,0.0,0.0,0,0,0,0,0,0
5343,78,2095,-1,78857,15,0,00:00:58,0.0,0.0,0.0,0,0,0,0,0,0
5343,79,2121,-1,78858,15,0,00:00:59,0.0,0.0,0.0,0,0,0,0,0,0
5343,80,2148,-1,78858,15,0,00:01:00,0.0,0.0,0.0,0,0,0,0,0,0
5343,81,2175,-1,78857,15,0,00:01:01,0.0,0.0,0.0,0,0,0,0,0,0
5343,82,2202,-1,78859,15,0,00:01:02,0.0,0.0,0.0,0,0,0,0,0,0
5343,83,2229,-1,78857,15,0,00:01:03,0.0,0.0,0.0,0,0,0,0,0,0
5343,84,2256,-1,78858,15,0,00:01:04,0.0,0.0,0.0,0,0,0,0,0,0
5343,85,2283,-1,78858,15,0,00:01:05,0.0,0.0,0.0,0,0,0,0,0,0
5343,86,2309,-1,78857,15,0,00:01:05,0.0,0.0,0.0,0,0,0,0,0,0
5343,87,2336,-1,78858,15,0,00:01:06,0.0,0.0,0.0,0,0,0,0,0,0
5343,88,2363,-1,78858,15,0,00:01:07,0.0,0.0,0.0,0,0,0,0,0,0
5343,89,2390,-1,78859,15,0,00:01:08,0.0,0.0,0.0,0,0,0,0,0,0
5343,90,2417,-1,78858,15,0,00:01:09,0.0,0.0,0.0,0,0,0,0,0,0
5343,91,2444,0,78856,15,0,00:01:10,0.0,0.0,0.0,0,0,0,0,0,0
5343,92,2471,0,78852,15,0,00:01:11,0.0,0.0,0.0,0,0,0,0,0,0
5343,93,2497,0,78849,15,0,00:01:12,0.0,0.0,0.0,0,0,0,0,0,0
5343,94,2524,0,78843,15,0,00:01:13,0.0,0.0,0.0,0,0,0,0,0,0
5343,95,2551,0,78842,15,0,00:01:14,0.0,0.0,0.0,0,0,0,0,0,0
5343,96,2578,0,78841,15,0,00:01:15,0.0,0.0,0.0,0,0,0,0,0,0
5343,97,2605,0,78841,15,0,00:01:16,0.0,0.0,0.0,0,0,0,0,0,0
5343,98,2632,0,78839,15,0,00:01:17,0.0,0.0,0.0,0,0,0,0,0,0
5343,99,2659,0,78840,15,0,00:01:18,0.0,0.0,0.0,0,0,0,0,0,0
5343,100,2686,0,78842,15,0,00:01:19,0.0,0.0,0.0,0,0,0,0,0,0
5343,101,2713,0,78852,15,0,00:01:20,0.0,0.0,0.0,0,0,0,0,0,0
5343,102,2739,0,78854,15,0,00:01:21,0.0,0.0,0.0,0,0,0,0,0,0
5343,103,2766,0,78854,15,0,00:01:22,0.0,0.0,0.0,0,0,0,0,0,0
5343,104,2793,0,78851,15,0,00:01:23,0.0,0.0,0.0,0,0,0,0,0,0
5343,105,2820,0,78841,15,0,00:01:24,0.0,0.0,0.0,0,0,0,0,0,0
5343,106,2847,0,78841,15,0,00:01:25,0.0,0.0,0.0,0,0,0,0,0,0
5343,107,2874,0,78846,15,0,00:01:26,0.0,0.0,0.0,0,0,0,0,0,0
5343,108,2901,0,78852,15,0,00:01:27,0.0,0.0,0.0,0,0,0,0,0,0
5343,109,2927,0,78840,15,0,00:01:28,0.0,0.0,0.0,0,0,0,0,0,0
5343,110,2954,0,78850,15,0,00:01:29,0.0,0.0,0.0,0,0,0,0,0,0
5343,111,2981,0,78841,15,0,00:01:30,0.0,0.0,0.0,0,0,0,0,0,0
5343,112,3008,0,78852,15,0,00:01:31,0.0,0.0,0.0,0,0,0,0,0,0
5343,113,3035,0,78840,15,0,00:01:32,0.0,0.0,0.0,0,0,0,0,0,0
5343,114,3062,0,78851,15,0,00:01:32,0.0,0.0,0.0,0,0,0,0,0,0
5343,115,3089,0,78841,15,0,00:01:33,0.0,0.0,0.0,0,0,0,0,0,0
5343,116,3115,0,78852,15,0,00:01:34,0.0,0.0,0.0,0,0,0,0,0,0
5343,117,3142,0,78842,15,0,00:01:35,0.0,0.0,0.0,0,0,0,0,0,0
5343,118,3169,0,78845,15,0,00:01:36,0.0,0.0,0.0,0,0,0,0,0,0
5343,119,3196,0,78844,15,0,00:01:37,0.0,0.0,0.0,0,0,0,0,0,0
5343,120,3223,0,78851,15,0,00:01:38,0.0,0.0,0.0,0,0,0,0,0,0
5343,121,3250,0,78851,15,0,00:01:39,0.0,0.0,0.0,0,0,0,0,0,0
5343,122,3277,0,78852,15,0,00:01:40,0.0,0.0,0.0,0,0,0,0,0,0
5343,123,3303,0,78852,15,0,00:01:41,0.0,0.0,0.0,0,0,0,0,0,0
5343,124,3330,0,78851,15,0,00:01:42,0.0,0.0,0.0,0,0,0,0,0,0
5343,125,3357,0,78851,15,0,00:01:43,0.0,0.0,0.0,0,0,0,0,0,0
5343,126,3384,0,78849,15,0,00:01:44,0.0,0.0,0.0,0,0,0,0,0,0
5343,127,3411,0,78849,15,0,00:01:45,0.0,0.0,0.0,0,0,0,0,0,0
5343,128,3438,0,78847,15,0,00:01:46,0.0,0.0,0.0,0,0,0,0,0,0
5343,129,3464,0,78844,15,0,00:01:47,0.0,0.0,0.0,0,0,0,0,0,0
5343,130,3491,1,78838,15,0,00:01:48,0.0,0.0,0.0,0,0,0,0,0,0
5343,131,3518,0,78839,15,0,00:01:49,0.0,0.0,0.0,0,0,0,0,0,0
5343,132,3545,0,78838,15,0,00:01:50,0.0,0.0,0.0,0,0,0,0,0,0
5343,133,3572,1,78837,15,0,00:01:51,0.0,0.0,0.0,0,0,0,0,0,0
5343,134,3599,1,78837,15,0,00:01:52,0.0,0.0,0.0,0,0,0,0,0,0
5343,135,3626,0,78839,15,0,00:01:53,0.0,0.0,0.0,0,0,0,0,0,0
5343,136,3652,0,78839,15,0,00:01:54,0.0,0.0,0.0,0,0,0,0,0,0
5343,137,3679,0,78840,15,0,00:01:55,0.0,0.0,0.0,0,0,0,0,0,0
5343,138,3706,0,78839,15,0,00:01:56,0.0,0.0,0.0,0,0,0,0,0,0
5343,139,3733,0,78838,15,0,00:01:57,0.0,0.0,0.0,0,0,0,0,0,0
5343,140,3760,0,78838,15,0,00:01:58,0.0,0.0,0.0,0,0,0,0,0,0
5343,141,3787,0,78839,15,0,00:01:59,0.0,0.0,0.0,0,0,0,0,0,0
5343,142,3814,0,78840,15,0,00:01:59,0.0,0.0,0.0,0,0,0,0,0,0
5343,143,3841,0,78850,15,0,00:02:00,0.0,0.0,0.0,0,0,0,0,0,0
5343,144,3867,0,78854,15,0,00:02:01,0.0,0.0,0.0,0,0,0,0,0,0
5343,145,3894,0,78855,15,0,00:02:02,0.0,0.0,0.0,0,0,0,0,0,0
5343,146,3921,0,78852,15,0,00:02:03,0.0,0.0,0.0,0,0,0,0,0,0
5343,147,3948,0,78852,15,0,00:02:04,0.0,0.0,0.0,0,0,0,0,0,0
5343,148,3975,0,78850,15,0,00:02:05,0.0,0.0,0.0,0,0,0,0,0,0
5343,149,4002,0,78841,15,0,00:02:06,0.0,0.0,0.0,0,0,0,0,0,0
5343,150,4029,0,78851,15,0,00:02:07,0.0,0.0,0.0,0,0,0,0,0,0
5343,151,4055,0,78845,15,0,00:02:08,0.0,0.0,0.0,0,0,0,0,0,0
5343,152,4082,0,78843,15,0,00:02:09,0.0,0.0,0.0,0,0,0,0,0,0
5343,153,4109,0,78850,15,0,00:02:10,0.0,0.0,0.0,0,0,0,0,0,0
5343,154,4136,0,78843,15,0,00:02:11,0.0,0.0,0.0,0,0,0,0,0,0
5343,155,4163,0,78848,15,0,00:02:12,0.0,0.0,0.0,0,0,0,0,0,0
5343,156,4190,0,78846,15,0,00:02:13,0.0,0.0,0.0,0,0,0,0,0,0
5343,157,4216,0,78843,15,0,00:02:14,0.0,0.0,0.0,0,0,0,0,0,0
5343,158,4243,0,78843,15,0,00:02:15,0.0,0.0,0.0,0,0,0,0,0,0
5343,159,4270,0,78844,15,0,00:02:16,0.0,0.0,0.0,0,0,0,0,0,0
5343,160,4297,0,78844,15,0,00:02:17,0.0,0.0,0.0,0,0,0,0,0,0
5343,161,4324,0,78844,15,0,00:02:18,0.0,0.0,0.0,0,0,0,0,0,0
5343,162,4351,0,78844,15,0,00:02:19,0.0,0.0,0.0,0,0,0,0,0,0
5343,163,4378,0,78843,15,0,00:02:20,0.0,0.0,0.0,0,0,0,0,0,0
5343,164,4404,0,78846,15,0,00:02:21,0.0,0.0,0.0,0,0,0,0,0,0
5343,165,4431,0,78847,15,0,00:02:22,0.0,0.0,0.0,0,0,0,0,0,0
5343,166,4458,0,78847,15,0,00:02:23,0.0,0.0,0.0,0,0,0,0,0,0
5343,167,4485,0,78849,15,0,00:02:24,0.0,0.0,0.0,0,0,0,0,0,0
5343,168,4512,0,78849,15,0,00:02:25,0.0,0.0,0.0,0,0,0,0,0,0
5343,169,4539,0,78849,15,0,00:02:26,0.0,0.0,0.0,0,0,0,0,0,0
5343,170,4566,0,78850,15,0,00:02:26,0.0,0.0,0.0,0,0,0,0,0,0
